3568 5620
639 1379 823 1469 CAPUT
873 1380 1104 1468 PRIMUM

361 1962 448 2021 QUAE
476 1962 517 2009 DE
545 1961 730 2010 LAURENTII
756 1960 836 2008 VITA
871 1960 912 2008 ET
940 1959 1092 2008 SCRIPTIS
1119 1960 1268 2009 TRADITA
1297 1959 1385 2008 SINT.

358 2481 587 2555 Laurentius
612 2481 659 2554 de
687 2481 894 2553 Primolate
919 2481 1017 2552 inter
1042 2482 1112 2553 hos
1142 2481 1341 2576 scriptores
1361 2504 1440 2554 nu-

311 2616 515 2689 merandus
534 2622 603 2706 est,
617 2638 780 2710 querum
791 2615 975 2688 memoria
989 2615 1144 2688 omnino
1156 2616 1258 2711 apud
1272 2621 1440 2710 posteros

310 2751 541 2839 evanuisset,
560 2749 634 2821 nisi
654 2770 792 2822 nomen
810 2749 935 2843 ipsum
952 2755 1176 2842 superesset,
1194 2750 1339 2844 primae
1353 2750 1440 2822 libri

310 2885 508 2979 enjusdam
541 2884 703 2977 paginae
736 2882 974 2976 inscriptum.
1013 2883 1189 2956 Ceterum
1209 2906 1306 2978 qnae
1327 2883 1441 2956 luerit

311 3019 405 3109 vita,
427 3039 525 3112 quae
545 3017 702 3107 indoles,
725 3015 791 3111 qni
812 3038 948 3107 mores,
973 3017 1039 3089 vix
1058 3017 1275 3111 coniectura
1289 3018 1440 3112 assequi

311 3173 526 3247 possumus.

361 3284 418 3358 Ex
436 3284 661 3380 cognomine
686 3285 872 3380 suspicari
893 3286 981 3358 licet
1000 3285 1108 3358 illurn
1128 3308 1263 3381 apage
1291 3286 1353 3359 cni
1375 3309 1441 3359 ne·

313 3442 400 3493 rnen
438 3419 550 3492 hodie
586 3416 862 3514 Premierscit,
896 3421 999 3493 hand
1033 3422 1165 3514 procul
1203 3422 1253 3494 ab
1287 3421 1441 3494 Artiaca

312 3550 838 3647 (Arois-ser-Aube),ertnn1
869 3574 974 3648 esse3
1008 3559 1107 3627 certe
1140 3554 1378 3648 Campanum
1404 3562 1442 3629 et

312 3686 507 3759 Trecensis
549 3686 730 3759 dioecesis
761 3686 940 3759 clericum
978 3688 1168 3761 exstitisse
1205 3696 1440 3784 compertum

313 3821 500 3892 habemus
514 3823 540 3892 ¹.
565 3819 723 3906 Quande
740 3826 854 3892 natus
874 3821 924 3893 sit
942 3843 1079 3915 parurn
1108 3828 1440 3918 constat3annnn1

311 3976 401 4026 vere
417 3954 550 4026 mertis
563 3954 645 4049 ejus
665 3953 776 4026 nobis
805 3954 1014 4028 declaravit
1047 3956 1250 4029 adnotator
1267 3958 1438 4051 quidam,

312 4088 392 4181 qni,
414 4108 502 4160 curn
530 4087 689 4160 loannis
717 4088 762 4160 de
797 4089 1038 4161 Mensterelie
1072 4069 1255 4182 epistulas
1288 4091 1438 4185 legeret,

312 4223 407 4293 haec
426 4222 544 4293 verba
559 4221 599 4292 in
621 4221 792 4315 margine
807 4222 1001 4316 inscripsit
1019 4247 1026 4295 :

352 4553 358 4586 ¹
382 4571 395 4599 α
417 4550 623 4618 champeneis
639 4568 651 4600 ι
666 4555 719 4604 aut
731 4568 743 4603 c
757 4551 843 4606 Clerc
859 4552 899 4606 du
911 4552 1037 4606 diocese
1051 4552 1089 4606 de
1101 4553 1215 4621 Treyes
1228 4571 1242 4603 n
1259 4553 1288 4606 in
1303 4552 1442 4620 pluribus

316 4654 445 4708 eperum
460 4640 527 4706 eius
541 4639 825 4707 subscriptionibus
840 4642 959 4708 legitur.
