3598 5616
758 561 850 607 cnrur
872 563 915 608 nr.
1316 629 1322 639 ·
1362 547 1400 608 79

271 695 422 788 paignon
458 717 524 785 que
559 692 626 761 l‘en
651 693 819 762 nornmoit
848 693 992 772 Puciel,
1024 692 1109 760 mais
1139 702 1333 760 autrenrent
1356 717 1400 761 on

272 802 458 893 l’appelloit
476 800 633 869 Stramha
644 807 668 870 2.
682 801 731 866 En
749 799 833 867 celle
844 801 953 890 partie
970 799 1014 866 du
1030 799 1168 889 vergler
1183 822 1227 866 ou
1238 800 1401 869 Simonne

274 909 474 1000 et·Pasquin
494 908 651 987 allecem,
669 909 771 975 estoit
789 930 855 973 une
877 917 946 973 tres
972 905 1101 997 grande
1123 918 1155 973 et
1179 906 1267 974 belle
1291 908 1402 997 plante

272 1017 314 1085 de
333 1017 465 1105 saulge.
481 1018 564 1083 Pres
585 1015 697 1082 d’illec
717 1015 846 1082 seirent
865 1025 899 1083 et
915 1015 1139 1103 longueinent
1159 1014 1400 1101 soulacierent‚

273 1135 306 1192 et
321 1124 429 1192 moult
442 1135 538 1192 entre
555 1122 634 1190 eulx
651 1121 823 1212 parlerent
839 1123 921 1189 d'un
934 1121 1051 1190 disner
1066 1123 1166 1212 qu'ils
1182 1123 1404 1190 entendoient

274 1231 357 1299 faire
379 1255 419 1298 eu
447 1254 484 1298 ce
506 1230 622 1321 jardin
644 1253 686 1296 en
717 1240 827 1320 temps
861 1255 880 1296 a
905 1253 942 1296 ce
970 1229 1180 1297 convenable
1200 1234 1225 1296 ³.
1252 1230 1402 1320 Pasquin

274 1348 399 1405 tourna
415 1337 611 1428 soydevers
632 1336 664 1402 la
688 1336 807 1426 saulge
824 1347 856 1402 et
877 1336 917 1402 de
939 1336 1035 1403 icelle
1056 1335 1168 1403 cueilli
1186 1359 1252 1403 une
1274 1336 1402 1413 facille,

275 1469 295 1512 a
310 1468 401 1534 quoy
416 1444 438 1510 il
456 1467 658 1526 commenda
673 1443 780 1510 lroter
792 1467 846 1510 ses
862 1443 946 1510 dens
964 1467 1005 1509 θη
1022 1443 1135 1510 disant
1157 1467 1221 1532 que
1238 1444 1271 1510 la
1287 1444 1406 1534 saulge

275 1553 384 1619 moult
403 1552 482 1618 bien
506 1551 666 1619 nettoioit
684 1551 735 1618 les
757 1551 842 1618 dens
863 1550 904 1617 de
920 1560 1014 1618 toute
1030 1551 1114 1617 celle
1140 1551 1265 1618 ordure
1281 1552 1338 1640 qui
1362 1575 1404 1618 en

275 1659 307 1726 la
328 1658 460 1726 boucha
478 1658 639 1726 deuteurc
656 1682 674 1724 a
690 1681 794 1724 eurise
809 1658 850 1724 de
868 1657 1008 1724 viandes
1024 1661 1054 1739 ⁵3
1073 1668 1105 1724 et
1122 1667 1221 1748 apres
1242 1681 1308 1747 que
1324 1662 1405 1726 Pas-

277 1767 358 1856 quin
384 1766 547 1834 continua
563 1789 605 1832 θη
629 1765 832 1855 frotantpar
857 1788 969 1832 aucun
994 1788 1059 1855 pou
1085 1788 1140 1832 ses
1161 1764 1285 1845 densi,
1308 1766 1331 1832 il
1347 1790 1406 1832 re-

277 1885 400 1942 tourna
417 1873 562 1965 aparler
581 1872 626 1939 du
647 1872 763 1940 disner
779 1872 905 1939 devant
920 1872 981 1952 dit,
995 1882 1026 1939 et
1043 1895 1167 1962 gueres
1183 1896 1225 1939 ne
1246 1874 1342 1940 tarda
1363 1897 1404 1941 en

276 1981 503 2074 poursuivant
528 2004 566 2047 sa
597 1979 713 2070 parole
734 2001 954 2046 commencee
975 1979 1056 2068 qu’il
1077 2002 1278 2062 commenpa
1302 1980 1405 2048 clian-

278 2090 352 2180 gier
370 2089 487 2178 visage
503 2098 537 2156 et
556 2097 859 2176 consequemmeni
882 2084 1002 2175 perdre
1020 2086 1052 2153 la
1070 2086 1187 2176 parole
1205 2097 1236 2153 et
1257 2088 1290 2154 la
1305 2111 1403 2167 reue

279 2206 313 2264 et
333 2195 555 2264 finahlement
573 2205 721 2262 mourut.

325 2303 488 2370 Simonnc
510 2313 637 2392 voyant
653 2302 683 2368 le
700 2301 844 2368 soudain
862 2323 919 2368 cas
935 2322 1135 2384 commoneo
1151 2302 1239 2368 crier
1260 2313 1293 2369 et
1313 2304 1407 2393 plou-

281 2421 389 2478 reret
413 2410 556 2477 huchier
584 2407 743 2478 Stramha
763 2418 795 2475 et
815 2408 958 2497 Lagina,
984 2408 1040 2498 qui
1062 2408 1254 2475 ambedeux
1275 2411 1410 2477 soudai-

281 2528 421 2586 nement
436 2526 676 2584 accoururent.
696 2514 784 2582 Eulx
800 2538 931 2605 voyans
952 2516 1117 2605 Pasquin,
1139 2538 1207 2582 non
1224 2539 1285 2607 pas
1302 2519 1411 2585 seule-

283 2635 377 2692 ment
393 2627 431 2715 ja
450 2634 549 2702 mort,
575 2623 660 2690 mais
676 2631 749 2689 tout
765 2622 852 2689 enlld
869 2632 902 2689 et
917 2622 1009 2713 plain
1025 2622 1066 2689 de
1082 2623 1198 2690 iaclres
1220 2624 1335 2692 noires
1352 2649 1412 2715 par

282 2742 356 2801 tout
376 2732 406 2799 le
423 2732 541 2820 visage
558 2740 591 2797 et
606 2731 637 2797 le
654 2753 766 2820 corps
790 2730 847 2819 qui
869 2729 1131 2796 soudaineinent
1147 2731 1410 2821 apparissoient‚

284 2839 443 2907 Stramlra
463 2838 628 2905 s’escn'a:
652 2837 679 2905 Ο
701 2836 802 2903 malle
821 2836 957 2916 lemine,
978 2847 1012 2903 tu
1035 2861 1072 2904 as
1098 2839 1321 2927 empoisonnd
1342 2850 1414 2907 cest

283 2948 443 3015 homme!
472 2987 516 2995 —
543 2947 634 3012 Pour
664 2945 693 3010 le
721 2944 817 3011 liault
845 2966 905 3033 cry
936 2944 1016 3032 qn'il
1047 2945 1115 3023 list,
1147 2945 1196 3012 les
1221 2947 1351 3013 voisins
1383 2947 1412 3014 le

284 3064 420 3145 cyrent,
447 3054 503 3143 qui
528 3077 571 3120 au
594 3076 654 3141 cry
683 3061 923 3130 aeeoururent,
956 3061 988 3117 et
1017 3051 1097 3119 eulx
1118 3052 1183 3141 'qui
1213 3063 1413 3122 trouverent

285 3161 435 3250 Pasquin
458 3172 547 3228 mort
571 3169 603 3227 et
629 3161 730 3239 anile,
753 3168 787 3225 et
807 3170 929 3249 cyrent
951 3158 1109 3227 Stramha
1134 3183 1195 3249 soy
1216 3174 1415 3249 garmenter

286 3281 319 3337 et
335 3291 477 3336 accuser
497 3268 661 3335 Simonne
677 3290 718 3333 θη
737 3266 783 3333 lui
800 3265 914 3333 disant
930 3289 995 3355 que
1018 3265 1334 3336 frauduleusernent
1351 3270 1415 3337 ello

287 3379 388 3444 cust6
422 3376 645 3466 empoisonnd
675 3373 838 3463 Pasquln‚
885 3385 917 3440 et
958 3374 984 3440 si
1017 3385 1217 3442 trouverent
1252 3377 1415 3444 Simonne

323 3595 368 3644 ¹«
390 3592 507 3647 Puccio.
531 3609 543 3642 a

324 3681 334 3715 ²
354 3683 409 3737 Hic
419 3682 570 3750 quaedam
585 3681 701 3735 omissa
715 3685 797 3748 sunt,
814 3695 874 3735 non
890 3686 1001 3748 tamen,
1016 3686 1048 3735 ut
1063 3681 1191 3748 videtur,
1203 3682 1241 3736 de
1257 3682 1416 3751 industria;

289 3788 359 3826 nam
387 3772 501 3840 aliquid
526 3772 563 3825 ad
589 3771 836 3839 perspicuitatem
863 3770 1044 3824 narrationis
1063 3771 1244 3826 conferebat
1276 3773 1419 3840 periodus

289 3877 367 3930 quae
387 3862 434 3916 his
448 3860 549 3916 verbis
565 3860 692 3928 incipit:
711 3879 724 3910 a
745 3859 767 3913 E
787 3859 868 3927 quivi
884 3859 958 3914 fatto
971 3875 1011 3913 un
1030 3873 1188 3915 amorazzo
1204 3875 1303 3916 nuovo
1329 3867 1376 3917 tra
1390 3864 1418 3917 lo

290 3951 429 4006 Stramba
443 3965 460 4004 e
474 3950 503 4004 la
518 3950 644 4016 Lagina.
658 3989 680 4002 ..
707 3968 721 3998 »

325 4040 335 4072 ³
353 4040 518 4094 [nfideliter
529 4039 580 4094 hic
592 4038 775 4106 exprimitur
792 4052 902 4093 sensus
918 4039 1079 4093 verborum
1095 4039 1135 4091 ad
1150 4038 1252 4092 animo
1267 4039 1414 4109 riposato.

326 4129 336 4161 ⁴
357 4149 370 4180 a
391 4130 481 4183 Molto
497 4119 575 4183 bene
591 4129 609 4182 li
627 4132 748 4182 nettava
761 4126 861 4194 d'ogni
875 4142 948 4182 cosa
963 4129 1020 4183 che
1040 4129 1185 4196 sopr’essi
1211 4129 1322 4184 rimasa
1338 4130 1419 4185 losse

291 4221 370 4287 dopo
385 4219 476 4272 l’aver
492 4218 653 4284 mangiato.
679 4239 688 4264 ι
718 4216 814 4280 Quam
829 4218 985 4284 eleganter
1006 4216 1055 4271 hic
1080 4217 1260 4272 Laurentius
1285 4219 1420 4274 Boccacii

292 4309 476 4364 sententiam
496 4308 714 4375 interpretatus
729 4307 776 4375 sit,
793 4307 965 4374 legentibus
978 4307 1175 4376 judicandum
1202 4309 1421 4377 relinquimus!

327 4397 428 4452 5(ἔθη,
454 4397 488 4450 fr.
506 4395 568 4465 129,
590 4396 777 4463 elegantius:
806 4416 817 4446 ει
840 4410 930 4464 apres
950 4411 1008 4466 que
1030 4396 1162 4464 Pasquin
1188 4397 1252 4451 ouit
1277 4397 1423 4452 continue

292 4501 390 4541 aucun
407 4501 465 4555 pou
492 4501 509 4539 a
530 4486 622 4540 freter
637 4499 688 4539 ses
703 4486 788 4539 dens.
813 4503 825 4536 i
843 4486 926 4550 Quae
940 4486 1030 4540 lectio
1047 4499 1102 4554 per
1122 4487 1367 4541 emendationem
1384 4488 1421 4541 ab

293 4577 390 4631 altera
405 4589 528 4630 manare
545 4575 632 4630 nobis
646 4575 774 4630 videtur.

329 4664 431 4720 iCod.
445 4664 481 4719 tr.
501 4662 574 4719 129:
595 4685 604 4712 ι
628 4664 685 4718 elle
697 4664 779 4718 avoit
796 4679 823 4732 »3
845 4664 946 4719 Buce:
963 4683 976 4715 a
999 4677 1107 4718 avesse
1128 4681 1152 4717 i.
