3568 5620
418 531 457 592 30
913 545 1004 587 (rarus
1025 546 1046 587 r.

415 689 452 757 et
472 682 696 778 praesertim
726 681 895 786 Boooaoii
915 702 1030 775 opera
1045 681 1253 788 transtulit,
1274 703 1541 776 sacrorumque

415 816 629 890 studiorum
640 838 796 890 oausam
817 815 1000 888 adversus
1012 837 1185 910 paganae
1200 815 1442 910 antiquitatis
1460 815 1541 889 fau-

418 956 516 1024 tores
531 950 668 1040 oravit,
689 949 798 1023 lateri
827 949 1009 1022 debemus
1024 949 1120 1021 duos
1138 949 1325 1040 homines
1350 951 1446 1022 duas
1475 949 1541 1022 in-

415 1084 533 1174 doles,
560 1083 657 1156 duas
682 1088 827 1156 mentes
849 1083 890 1154 in
913 1105 988 1155 uno
1017 1104 1171 1177 corpore
1200 1083 1410 1156 exstitisse:
1440 1085 1541 1155 huno

416 1218 614 1306 audacem,
637 1217 847 1305 ardentem,
877 1237 1048 1310 gravem,
1077 1241 1093 1286 u
1122 1211 1274 1310 poetam
1295 1222 1332 1290 et
1355 1222 1540 1290 oratorem

416 1350 599 1424 eximium
629 1377 662 1439 a,
694 1371 854 1444 magnae
883 1349 1121 1423 auetoritatis
1154 1355 1192 1423 et
1216 1351 1369 1445 pietatis
1399 1351 1538 1440 uirum,

417 1509 604 1559 novarum
629 1507 756 1558 rerum
776 1506 953 1578 asperum
978 1485 1254 1580 dissuasorem3
1279 1485 1386 1558 illum
1414 1491 1540 1558 autem
1579 1477 1583 1484 ’

418 1620 644 1710 modestum,
675 1619 860 1692 humilem
886 1639 1034 1712 semper
1061 1639 1160 1690 novo
1190 1619 1399 1692 Maecenati
1426 1620 1545 1692 obno-

416 1752 523 1826 xium
559 1753 624 1846 qui
656 1752 800 1850 vietum
836 1752 870 1824 ei
904 1751 1185 1846 suppeditabat,
1218 1773 1285 1846 pro
1314 1753 1542 1826 sublimibus

416 1888 595 1960 laudibus
615 1887 654 1958 in
674 1885 866 1979 prooemio
885 1885 1084 1979 eujusdam
1102 1885 1367 1959 translationis
1383 1909 1541 1981 expres-

418 2019 482 2109 sis,
505 2025 671 2093 oetermn
687 2019 892 2114 impigrum
912 2024 950 2092 et
968 2020 1101 2091 utilem
1123 2019 1390 2092 auxiliatorem
1412 2042 1542 2093 eorum

417 2155 483 2248 qni
499 2153 611 2248 primi
639 2153 869 2226 renovandis
889 2152 1057 2226 elassiois
1086 2153 1223 2226 studiis
1253 2176 1406 2248 operam
1433 2155 1543 2227 dede-

417 2292 519 2360 runt.
543 2287 649 2360 Alter
668 2287 833 2380 epistula
848 2292 997 2359 tantum
1012 2285 1171 2360 Joannis
1194 2292 1231 2360 et
1249 2289 1381 2382 paneis
1397 2310 1544 2382 aequa-

417 2422 511 2494 lium
528 2420 756 2494 testimoniis
775 2421 1008 2516 ostenditur,
1030 2421 1188 2494 alterins
1209 2427 1412 2495 verooerta
1430 2443 1544 2518 quae-

417 2555 506 2629 dam
535 2556 722 2628 habemus
746 2556 986 2646 documenta,
1022 2555 1139 2628 libros
1169 2555 1313 2629 soilioet
1336 2557 1376 2629 in
1404 2557 1543 2651 quibus

417 2687 699 2783 componendis,
722 2693 790 2760 aut
808 2689 935 2782 potius
955 2688 1244 2779 transferendis,
1268 2695 1432 2784 aetatem
1447 2712 1545 2764 oon·
1585 2766 1588 2771 ,

419 2823 595 2917 sumpsit.

466 2956 575 3030 Nune
594 2957 640 3029 de
660 2957 731 3029 hoo
746 2961 897 3029 tantum
916 2957 989 3029 erit
1007 2977 1153 3052 sermo,
1174 2980 1269 3052 quos
1289 2959 1431 3032 soilioet
1450 2959 1544 3033 Boe-

418 3091 511 3165 oaoii
527 3092 642 3164 libros
661 3091 911 3182 transtulerit,
924 3114 1000 3185 quo
1020 3092 1131 3163 modo
1142 3091 1335 3165 florentini
1351 3093 1544 3187 scriptoris

419 3248 532 3321 opera
556 3227 825 3319 interpretatus
854 3225 904 3297 sit
922 3230 960 3298 et
979 3225 1203 3318 aequalibus
1232 3227 1390 3320 legenda
1418 3229 1545 3300 tradi-

420 3361 517 3435 derit
537 3359 867 3454 investigabimus.
