<?xml version="1.0" encoding="UTF-8"?>
<!DOCTYPE html PUBLIC "-//W3C//DTD XHTML 1.0 Transitional//EN"
    "http://www.w3.org/TR/xhtml1/DTD/xhtml1-transitional.dtd">
<html xmlns="http://www.w3.org/1999/xhtml" xml:lang="en" lang="en">
 <head>
  <title>
</title>
<meta http-equiv="Content-Type" content="text/html;charset=utf-8" />
  <meta name='ocr-system' content='tesseract 3.04.00' />
  <meta name='ocr-capabilities' content='ocr_page ocr_carea ocr_par ocr_line ocrx_word'/>
</head>
<body>
  <div class='ocr_page' id='page_1' title='image "./delaurentiodepr00hauvgoog_0079.png"; bbox 0 0 3598 5616; ppageno 0'>
   <div class='ocr_carea' id='block_1_1' title="bbox 370 563 1014 624">
    <p class='ocr_par' dir='ltr' id='par_1_1' title="bbox 370 563 1014 624">
     <span class='ocr_line' id='line_1_1' title="bbox 370 563 1014 624; baseline -0.002 -1"><span class='ocrx_word' id='word_1_1' title='bbox 370 563 409 624; x_wconf 89' lang='grc'>68</span> <span class='ocrx_word' id='word_1_2' title='bbox 857 580 948 623; x_wconf 74' lang='lat' dir='ltr'>curor</span> <span class='ocrx_word' id='word_1_3' title='bbox 970 581 1014 623; x_wconf 88' lang='lat'>111.</span> 
     </span>
    </p>
   </div>
   <div class='ocr_carea' id='block_1_2' title="bbox 370 709 1499 1209">
    <p class='ocr_par' dir='ltr' id='par_1_2' title="bbox 370 709 1499 1209">
     <span class='ocr_line' id='line_1_2' title="bbox 371 709 1499 806; baseline 0 -24"><span class='ocrx_word' id='word_1_4' title='bbox 371 733 569 806; x_wconf 90' lang='lat' dir='ltr'>nunquam</span> <span class='ocrx_word' id='word_1_5' title='bbox 588 709 780 806; x_wconf 84' lang='lat' dir='ltr'>legeruntl</span> <span class='ocrx_word' id='word_1_6' title='bbox 803 710 920 806; x_wconf 85' lang='lat' dir='ltr'>Cujus</span> <span class='ocrx_word' id='word_1_7' title='bbox 935 711 1072 786; x_wconf 91' lang='lat' dir='ltr'>erroris</span> <span class='ocrx_word' id='word_1_8' title='bbox 1091 734 1226 785; x_wconf 79' lang='lat' dir='ltr'>causas</span> <span class='ocrx_word' id='word_1_9' title='bbox 1245 711 1355 785; x_wconf 85' lang='lat' dir='ltr'>facile</span> <span class='ocrx_word' id='word_1_10' title='bbox 1374 716 1499 784; x_wconf 88' lang='lat' dir='ltr'>osten-</span> 
     </span>
     <span class='ocr_line' id='line_1_3' title="bbox 370 845 1495 940; baseline 0.001 -24"><span class='ocrx_word' id='word_1_11' title='bbox 370 846 504 918; x_wconf 84' lang='lat' dir='ltr'>demus</span> <span class='ocrx_word' id='word_1_12' title='bbox 518 869 527 940; x_wconf 85' lang='lat'>;</span> <span class='ocrx_word' id='word_1_13' title='bbox 540 845 655 918; x_wconf 93' lang='lat' dir='ltr'>simul</span> <span class='ocrx_word' id='word_1_14' title='bbox 669 846 909 919; x_wconf 73' lang='lat' dir='ltr'><strong>translatoris</strong></span> <span class='ocrx_word' id='word_1_15' title='bbox 920 846 1040 918; x_wconf 81' lang='lat' dir='ltr'><strong>nostri</strong></span> <span class='ocrx_word' id='word_1_16' title='bbox 1055 869 1207 940; x_wconf 80' lang='lat' dir='ltr'>opus-</span> <span class='ocrx_word' id='word_1_17' title='bbox 1220 846 1495 940; x_wconf 85' lang='lat' dir='ltr'>imperfectum,</span> 
     </span>
     <span class='ocr_line' id='line_1_4' title="bbox 371 979 1499 1074; baseline -0.002 -22"><span class='ocrx_word' id='word_1_18' title='bbox 371 985 527 1056; x_wconf 86' lang='lat' dir='ltr'>esto-</span> <span class='ocrx_word' id='word_1_19' title='bbox 556 1002 633 1052; x_wconf 92' lang='lat' dir='ltr'>non</span> <span class='ocrx_word' id='word_1_20' title='bbox 666 985 795 1052; x_wconf 89' lang='lat' dir='ltr'>tamen</span> <span class='ocrx_word' id='word_1_21' title='bbox 821 980 1022 1074; x_wconf 84' lang='lat' dir='ltr'>indignum</span> <span class='ocrx_word' id='word_1_22' title='bbox 1052 1002 1133 1054; x_wconf 88' lang='lat' dir='ltr'>esse</span> <span class='ocrx_word' id='word_1_23' title='bbox 1166 980 1268 1073; x_wconf 93' lang='lat' dir='ltr'>quod</span> <span class='ocrx_word' id='word_1_24' title='bbox 1299 979 1499 1072; x_wconf 71' lang='lat' dir='ltr'>diligenter</span> 
     </span>
     <span class='ocr_line' id='line_1_5' title="bbox 371 1114 1297 1209; baseline 0.001 -24"><span class='ocrx_word' id='word_1_25' title='bbox 371 1114 609 1209; x_wconf 76' lang='lat' dir='ltr'>inspiciatur,</span> <span class='ocrx_word' id='word_1_26' title='bbox 628 1136 750 1209; x_wconf 90' lang='lat' dir='ltr'>neque</span> <span class='ocrx_word' id='word_1_27' title='bbox 770 1138 793 1187; x_wconf 93' lang='lat' dir='ltr'>a</span> <span class='ocrx_word' id='word_1_28' title='bbox 809 1115 936 1187; x_wconf 91' lang='lat' dir='ltr'>stultis</span> <span class='ocrx_word' id='word_1_29' title='bbox 956 1120 1122 1206; x_wconf 85' lang='lat' dir='ltr'>tautum,</span> <span class='ocrx_word' id='word_1_30' title='bbox 1139 1115 1297 1209; x_wconf 90' lang='lat' dir='ltr'>patebit.</span> 
     </span>
    </p>
   </div>
   <div class='ocr_carea' id='block_1_3' title="bbox 932 1443 944 1513">
    <p class='ocr_par' dir='ltr' id='par_1_3' title="bbox 932 1443 944 1513">
     <span class='ocr_line' id='line_1_6' title="bbox 932 1443 944 1513; baseline 0 0"><span class='ocrx_word' id='word_1_31' title='bbox 932 1443 944 1513; x_wconf 98' lang='lat' dir='ltr'>l</span> 
     </span>
    </p>
   </div>
   <div class='ocr_carea' id='block_1_4' title="bbox 373 1674 1507 4190">
    <p class='ocr_par' dir='ltr' id='par_1_4' title="bbox 373 1674 1504 3228">
     <span class='ocr_line' id='line_1_7' title="bbox 421 1674 1500 1770; baseline 0 -24"><span class='ocrx_word' id='word_1_32' title='bbox 421 1675 469 1747; x_wconf 91' lang='lat' dir='ltr'>Ut</span> <span class='ocrx_word' id='word_1_33' title='bbox 491 1675 538 1747; x_wconf 93' lang='lat' dir='ltr'>de</span> <span class='ocrx_word' id='word_1_34' title='bbox 552 1674 748 1747; x_wconf 89' lang='lat' dir='ltr'>Laurentii</span> <span class='ocrx_word' id='word_1_35' title='bbox 771 1674 1018 1748; x_wconf 90' lang='lat' dir='ltr'>translatione</span> <span class='ocrx_word' id='word_1_36' title='bbox 1043 1697 1209 1769; x_wconf 92' lang='lat' dir='ltr'>aequum</span> <span class='ocrx_word' id='word_1_37' title='bbox 1233 1676 1354 1749; x_wconf 88' lang='lat' dir='ltr'>lacere</span> <span class='ocrx_word' id='word_1_38' title='bbox 1373 1676 1500 1770; x_wconf 94' lang='lat' dir='ltr'>possi-</span> 
     </span>
     <span class='ocr_line' id='line_1_8' title="bbox 374 1809 1501 1904; baseline 0 -22"><span class='ocrx_word' id='word_1_39' title='bbox 374 1833 459 1882; x_wconf 87' lang='lat' dir='ltr'>mus</span> <span class='ocrx_word' id='word_1_40' title='bbox 483 1809 683 1904; x_wconf 81' lang='lat' dir='ltr'>judicium,</span> <span class='ocrx_word' id='word_1_41' title='bbox 705 1810 975 1882; x_wconf 73' lang='lat' dir='ltr'>documentum</span> <span class='ocrx_word' id='word_1_42' title='bbox 1005 1810 1197 1903; x_wconf 86' lang='lat' dir='ltr'>quoddam</span> <span class='ocrx_word' id='word_1_43' title='bbox 1223 1810 1382 1883; x_wconf 89' lang='lat' dir='ltr'>maximi</span> <span class='ocrx_word' id='word_1_44' title='bbox 1413 1833 1501 1882; x_wconf 86' lang='lat' dir='ltr'>mo—</span> 
     </span>
     <span class='ocr_line' id='line_1_9' title="bbox 373 1944 1501 2038; baseline 0.001 -22"><span class='ocrx_word' id='word_1_45' title='bbox 373 1944 492 2016; x_wconf 92' lang='lat' dir='ltr'>menti</span> <span class='ocrx_word' id='word_1_46' title='bbox 511 1950 725 2038; x_wconf 91' lang='lat' dir='ltr'>temporum</span> <span class='ocrx_word' id='word_1_47' title='bbox 745 1944 947 2037; x_wconf 88' lang='lat' dir='ltr'>iniquitate</span> <span class='ocrx_word' id='word_1_48' title='bbox 967 1944 1216 2034; x_wconf 87' lang='lat' dir='ltr'>desideratur,</span> <span class='ocrx_word' id='word_1_49' title='bbox 1238 1945 1400 2018; x_wconf 69' lang='lat' dir='ltr'>(Ionium</span> <span class='ocrx_word' id='word_1_50' title='bbox 1419 1944 1501 2020; x_wconf 88' lang='lat' dir='ltr'>No-</span> 
     </span>
     <span class='ocr_line' id='line_1_10' title="bbox 374 2074 1498 2173; baseline 0 -21"><span class='ocrx_word' id='word_1_51' title='bbox 374 2076 496 2152; x_wconf 75' lang='lat' dir='ltr'>vetrae</span> <span class='ocrx_word' id='word_1_52' title='bbox 529 2078 671 2151; x_wconf 89' lang='lat' dir='ltr'>scilicet</span> <span class='ocrx_word' id='word_1_53' title='bbox 698 2078 816 2150; x_wconf 90' lang='lat' dir='ltr'>latine</span> <span class='ocrx_word' id='word_1_54' title='bbox 840 2074 1039 2173; x_wconf 81' lang='lat' dir='ltr'>expressae</span> <span class='ocrx_word' id='word_1_55' title='bbox 1058 2080 1108 2150; x_wconf 92' lang='lat' dir='ltr'>ab</span> <span class='ocrx_word' id='word_1_56' title='bbox 1134 2079 1301 2151; x_wconf 85' lang='lat' dir='ltr'>Antonio</span> <span class='ocrx_word' id='word_1_57' title='bbox 1327 2079 1498 2170; x_wconf 86' lang='lat' dir='ltr'>Aretino,</span> 
     </span>
     <span class='ocr_line' id='line_1_11' title="bbox 374 2213 1501 2308; baseline 0 -21"><span class='ocrx_word' id='word_1_58' title='bbox 374 2237 537 2308; x_wconf 91' lang='lat' dir='ltr'>quarum</span> <span class='ocrx_word' id='word_1_59' title='bbox 570 2213 719 2286; x_wconf 91' lang='lat' dir='ltr'>nullum</span> <span class='ocrx_word' id='word_1_60' title='bbox 753 2218 924 2306; x_wconf 86' lang='lat' dir='ltr'>superest</span> <span class='ocrx_word' id='word_1_61' title='bbox 957 2213 1163 2306; x_wconf 82' lang='lat' dir='ltr'>vestigium</span> <span class='ocrx_word' id='word_1_62' title='bbox 1193 2219 1344 2307; x_wconf 90' lang='lat' dir='ltr'>praeter</span> <span class='ocrx_word' id='word_1_63' title='bbox 1378 2214 1501 2308; x_wconf 90' lang='lat' dir='ltr'>ipsam</span> 
     </span>
     <span class='ocr_line' id='line_1_12' title="bbox 375 2346 1503 2443; baseline -0.001 -23"><span class='ocrx_word' id='word_1_64' title='bbox 375 2347 570 2422; x_wconf 90' lang='lat' dir='ltr'>Laurentii</span> <span class='ocrx_word' id='word_1_65' title='bbox 591 2346 955 2441; x_wconf 87' lang='lat' dir='ltr'>interpretationem.</span> <span class='ocrx_word' id='word_1_66' title='bbox 975 2347 1162 2442; x_wconf 93' lang='lat' dir='ltr'>Perquam</span> <span class='ocrx_word' id='word_1_67' title='bbox 1182 2347 1338 2421; x_wconf 76' lang='lat' dir='ltr'>difficile</span> <span class='ocrx_word' id='word_1_68' title='bbox 1358 2354 1415 2422; x_wconf 92' lang='lat' dir='ltr'>est</span> <span class='ocrx_word' id='word_1_69' title='bbox 1433 2348 1503 2443; x_wconf 80' lang='lat' dir='ltr'>igi-</span> 
     </span>
     <span class='ocr_line' id='line_1_13' title="bbox 377 2457 1504 2573; baseline -0.001 -18"><span class='ocrx_word' id='word_1_70' title='bbox 377 2490 440 2556; x_wconf 91' lang='lat' dir='ltr'>tur</span> <span class='ocrx_word' id='word_1_71' title='bbox 459 2457 671 2555; x_wconf 87' lang='lat' dir='ltr'>discernere</span> <span class='ocrx_word' id='word_1_72' title='bbox 697 2481 790 2573; x_wconf 93' lang='lat' dir='ltr'>quid</span> <span class='ocrx_word' id='word_1_73' title='bbox 815 2481 854 2552; x_wconf 90' lang='lat' dir='ltr'>in</span> <span class='ocrx_word' id='word_1_74' title='bbox 877 2481 948 2552; x_wconf 91' lang='lat' dir='ltr'>hoc</span> <span class='ocrx_word' id='word_1_75' title='bbox 967 2482 1160 2554; x_wconf 87' lang='lat' dir='ltr'>communi</span> <span class='ocrx_word' id='word_1_76' title='bbox 1176 2482 1304 2555; x_wconf 90' lang='lat' dir='ltr'>labore</span> <span class='ocrx_word' id='word_1_77' title='bbox 1319 2482 1504 2555; x_wconf 90' lang='lat' dir='ltr'>erraverit</span> 
     </span>
     <span class='ocr_line' id='line_1_14' title="bbox 378 2594 1504 2709; baseline -0.002 -19"><span class='ocrx_word' id='word_1_78' title='bbox 378 2617 582 2707; x_wconf 80' lang='lat' dir='ltr'>Antonius,</span> <span class='ocrx_word' id='word_1_79' title='bbox 604 2615 696 2709; x_wconf 92' lang='lat' dir='ltr'>quid</span> <span class='ocrx_word' id='word_1_80' title='bbox 721 2615 950 2687; x_wconf 87' lang='lat' dir='ltr'>Laurentius</span> <span class='ocrx_word' id='word_1_81' title='bbox 972 2638 981 2709; x_wconf 78' lang='lat'>3</span> <span class='ocrx_word' id='word_1_82' title='bbox 1017 2637 1085 2688; x_wconf 88' lang='lat' dir='ltr'>nec</span> <span class='ocrx_word' id='word_1_83' title='bbox 1113 2594 1343 2689; x_wconf 84' lang='lat' dir='ltr'>confidimus</span> <span class='ocrx_word' id='word_1_84' title='bbox 1362 2617 1440 2689; x_wconf 85' lang='lat' dir='ltr'>foro</span> <span class='ocrx_word' id='word_1_85' title='bbox 1460 2621 1504 2688; x_wconf 93' lang='lat' dir='ltr'>ut</span> 
     </span>
     <span class='ocr_line' id='line_1_15' title="bbox 378 2749 1503 2845; baseline -0.001 -21"><span class='ocrx_word' id='word_1_86' title='bbox 378 2757 583 2845; x_wconf 91' lang='lat' dir='ltr'>utrumque</span> <span class='ocrx_word' id='word_1_87' title='bbox 603 2750 715 2844; x_wconf 93' lang='lat' dir='ltr'>plane</span> <span class='ocrx_word' id='word_1_88' title='bbox 734 2771 905 2842; x_wconf 92' lang='lat' dir='ltr'>uuquam</span> <span class='ocrx_word' id='word_1_89' title='bbox 929 2751 1219 2844; x_wconf 87' lang='lat' dir='ltr'>consequamur.</span> <span class='ocrx_word' id='word_1_90' title='bbox 1245 2749 1328 2823; x_wconf 90' lang='lat' dir='ltr'>Non</span> <span class='ocrx_word' id='word_1_91' title='bbox 1348 2752 1503 2824; x_wconf 90' lang='lat' dir='ltr'>omnino</span> 
     </span>
     <span class='ocr_line' id='line_1_16' title="bbox 378 2883 1503 2978; baseline -0.001 -19"><span class='ocrx_word' id='word_1_92' title='bbox 378 2892 508 2959; x_wconf 88' lang='lat' dir='ltr'>tamen</span> <span class='ocrx_word' id='word_1_93' title='bbox 528 2905 681 2978; x_wconf 92' lang='lat' dir='ltr'>operam</span> <span class='ocrx_word' id='word_1_94' title='bbox 710 2905 780 2955; x_wconf 91' lang='lat' dir='ltr'>nos</span> <span class='ocrx_word' id='word_1_95' title='bbox 798 2883 1007 2976; x_wconf 88' lang='lat' dir='ltr'>perdidisse</span> <span class='ocrx_word' id='word_1_96' title='bbox 1029 2883 1304 2957; x_wconf 84' lang='lat' dir='ltr'>arbitrabimur</span> <span class='ocrx_word' id='word_1_97' title='bbox 1318 2886 1349 2958; x_wconf 91' lang='lat' dir='ltr'>si</span> <span class='ocrx_word' id='word_1_98' title='bbox 1364 2886 1503 2958; x_wconf 89' lang='lat' dir='ltr'>rectius</span> 
     </span>
     <span class='ocr_line' id='line_1_17' title="bbox 379 3016 1503 3112; baseline -0.001 -19"><span class='ocrx_word' id='word_1_99' title='bbox 379 3018 711 3094; x_wconf 89' lang='lat' dir='ltr'>aestimaverimus</span> <span class='ocrx_word' id='word_1_100' title='bbox 743 3016 869 3111; x_wconf 92' lang='lat' dir='ltr'>qualis</span> <span class='ocrx_word' id='word_1_101' title='bbox 901 3017 1027 3110; x_wconf 90' lang='lat' dir='ltr'>reipsa</span> <span class='ocrx_word' id='word_1_102' title='bbox 1063 3017 1186 3112; x_wconf 93' lang='lat' dir='ltr'>prima</span> <span class='ocrx_word' id='word_1_103' title='bbox 1214 3019 1308 3092; x_wconf 93' lang='lat' dir='ltr'>haec</span> <span class='ocrx_word' id='word_1_104' title='bbox 1335 3019 1503 3093; x_wconf 88' lang='lat' dir='ltr'>Boocacii</span> 
     </span>
     <span class='ocr_line' id='line_1_18' title="bbox 378 3151 796 3228; baseline -0.012 -1"><span class='ocrx_word' id='word_1_105' title='bbox 378 3153 578 3228; x_wconf 88' lang='lat' dir='ltr'>translatio</span> <span class='ocrx_word' id='word_1_106' title='bbox 597 3151 796 3225; x_wconf 89' lang='lat' dir='ltr'>exstiterit.</span> 
     </span>
    </p>

    <p class='ocr_par' dir='ltr' id='par_1_5' title="bbox 379 3286 1507 4190">
     <span class='ocr_line' id='line_1_19' title="bbox 429 3286 1503 3385; baseline 0 -23"><span class='ocrx_word' id='word_1_107' title='bbox 429 3290 488 3362; x_wconf 85' lang='lat' dir='ltr'>Ad</span> <span class='ocrx_word' id='word_1_108' title='bbox 508 3310 624 3385; x_wconf 92' lang='lat' dir='ltr'>quam</span> <span class='ocrx_word' id='word_1_109' title='bbox 641 3309 719 3360; x_wconf 91' lang='lat' dir='ltr'>rem</span> <span class='ocrx_word' id='word_1_110' title='bbox 731 3286 1002 3359; x_wconf 87' lang='lat' dir='ltr'>dinoscendam</span> <span class='ocrx_word' id='word_1_111' title='bbox 1017 3286 1316 3382; x_wconf 86' lang='lat' dir='ltr'>haudquaquam</span> <span class='ocrx_word' id='word_1_112' title='bbox 1327 3289 1503 3383; x_wconf 87' lang='lat' dir='ltr'>prodesse</span> 
     </span>
     <span class='ocr_line' id='line_1_20' title="bbox 379 3421 1505 3518; baseline -0.004 -20"><span class='ocrx_word' id='word_1_113' title='bbox 379 3425 563 3499; x_wconf 89' lang='lat' dir='ltr'>editiones</span> <span class='ocrx_word' id='word_1_114' title='bbox 589 3427 678 3495; x_wconf 88' lang='lat' dir='ltr'>ante</span> <span class='ocrx_word' id='word_1_115' title='bbox 707 3421 836 3492; x_wconf 92' lang='lat' dir='ltr'>omnia</span> <span class='ocrx_word' id='word_1_116' title='bbox 865 3421 1097 3493; x_wconf 93' lang='lat' dir='ltr'>monendum</span> <span class='ocrx_word' id='word_1_117' title='bbox 1126 3428 1206 3518; x_wconf 79' lang='lat' dir='ltr'>est3</span> <span class='ocrx_word' id='word_1_118' title='bbox 1237 3423 1366 3514; x_wconf 84' lang='lat' dir='ltr'>immo,</span> <span class='ocrx_word' id='word_1_119' title='bbox 1407 3424 1505 3496; x_wconf 89' lang='lat' dir='ltr'>inter</span> 
     </span>
     <span class='ocr_line' id='line_1_21' title="bbox 379 3555 1505 3655; baseline -0.002 -23"><span class='ocrx_word' id='word_1_120' title='bbox 379 3561 481 3655; x_wconf 87' lang='lat' dir='ltr'>ipsos</span> <span class='ocrx_word' id='word_1_121' title='bbox 496 3558 642 3632; x_wconf 90' lang='lat' dir='ltr'>codices</span> <span class='ocrx_word' id='word_1_122' title='bbox 650 3578 790 3651; x_wconf 90' lang='lat' dir='ltr'>paucos</span> <span class='ocrx_word' id='word_1_123' title='bbox 811 3560 961 3627; x_wconf 89' lang='lat' dir='ltr'>tantum</span> <span class='ocrx_word' id='word_1_124' title='bbox 976 3555 1110 3648; x_wconf 84' lang='lat' dir='ltr'>dignos</span> <span class='ocrx_word' id='word_1_125' title='bbox 1124 3556 1352 3650; x_wconf 87' lang='lat' dir='ltr'>judicamus,</span> <span class='ocrx_word' id='word_1_126' title='bbox 1366 3558 1505 3650; x_wconf 90' lang='lat' dir='ltr'>quibus</span> 
     </span>
     <span class='ocr_line' id='line_1_22' title="bbox 380 3689 1505 3786; baseline -0.004 -18"><span class='ocrx_word' id='word_1_127' title='bbox 380 3697 496 3768; x_wconf 83' lang='lat' dir='ltr'>tidem</span> <span class='ocrx_word' id='word_1_128' title='bbox 534 3693 762 3764; x_wconf 77' lang='lat' dir='ltr'>tribuamus,</span> <span class='ocrx_word' id='word_1_129' title='bbox 799 3689 909 3779; x_wconf 75' lang='lat' dir='ltr'>Nam,</span> <span class='ocrx_word' id='word_1_130' title='bbox 944 3689 1093 3761; x_wconf 90' lang='lat' dir='ltr'>collatis</span> <span class='ocrx_word' id='word_1_131' title='bbox 1137 3690 1338 3784; x_wconf 83' lang='lat' dir='ltr'>diligenter</span> <span class='ocrx_word' id='word_1_132' title='bbox 1389 3691 1505 3786; x_wconf 87' lang='lat' dir='ltr'>hujus</span> 
     </span>
     <span class='ocr_line' id='line_1_23' title="bbox 381 3823 1506 3916; baseline -0.004 -13"><span class='ocrx_word' id='word_1_133' title='bbox 381 3826 643 3904; x_wconf 90' lang='lat' dir='ltr'>translationis</span> <span class='ocrx_word' id='word_1_134' title='bbox 675 3823 866 3898; x_wconf 86' lang='lat' dir='ltr'>codicibus</span> <span class='ocrx_word' id='word_1_135' title='bbox 904 3824 970 3916; x_wconf 94' lang='lat' dir='ltr'>qui</span> <span class='ocrx_word' id='word_1_136' title='bbox 1011 3823 1183 3897; x_wconf 83' lang='lat' dir='ltr'>Lutetiae</span> <span class='ocrx_word' id='word_1_137' title='bbox 1215 3830 1380 3912; x_wconf 84' lang='lat' dir='ltr'>exstant,</span> <span class='ocrx_word' id='word_1_138' title='bbox 1411 3827 1506 3899; x_wconf 88' lang='lat' dir='ltr'>duos</span> 
     </span>
     <span class='ocr_line' id='line_1_24' title="bbox 381 3957 1505 4054; baseline -0.006 -16"><span class='ocrx_word' id='word_1_139' title='bbox 381 3970 534 4038; x_wconf 91' lang='lat' dir='ltr'>tautum</span> <span class='ocrx_word' id='word_1_140' title='bbox 567 3959 803 4054; x_wconf 92' lang='lat' dir='ltr'>repperimus</span> <span class='ocrx_word' id='word_1_141' title='bbox 836 3957 876 4028; x_wconf 90' lang='lat' dir='ltr'>in</span> <span class='ocrx_word' id='word_1_142' title='bbox 914 3958 1055 4051; x_wconf 90' lang='lat' dir='ltr'>quibus</span> <span class='ocrx_word' id='word_1_143' title='bbox 1087 3959 1255 4051; x_wconf 84' lang='lat' dir='ltr'>genuina</span> <span class='ocrx_word' id='word_1_144' title='bbox 1288 3960 1398 4033; x_wconf 93' lang='lat' dir='ltr'>lectio</span> <span class='ocrx_word' id='word_1_145' title='bbox 1430 3981 1505 4032; x_wconf 94' lang='lat' dir='ltr'>non</span> 
     </span>
     <span class='ocr_line' id='line_1_25' title="bbox 381 4091 1507 4190; baseline -0.004 -20"><span class='ocrx_word' id='word_1_146' title='bbox 381 4100 560 4190; x_wconf 88' lang='lat' dir='ltr'>corrupta</span> <span class='ocrx_word' id='word_1_147' title='bbox 579 4093 628 4166; x_wconf 93' lang='lat' dir='ltr'>sit</span> <span class='ocrx_word' id='word_1_148' title='bbox 640 4093 664 4164; x_wconf 84' lang='lat'>¹.</span> <span class='ocrx_word' id='word_1_149' title='bbox 681 4091 734 4164; x_wconf 91' lang='lat' dir='ltr'>De</span> <span class='ocrx_word' id='word_1_150' title='bbox 753 4091 887 4164; x_wconf 87' lang='lat' dir='ltr'>ceteris</span> <span class='ocrx_word' id='word_1_151' title='bbox 903 4113 991 4163; x_wconf 90' lang='lat' dir='ltr'>mox</span> <span class='ocrx_word' id='word_1_152' title='bbox 1004 4091 1247 4184; x_wconf 82' lang='lat' dir='ltr'>disseremus,</span> <span class='ocrx_word' id='word_1_153' title='bbox 1262 4093 1327 4165; x_wconf 85' lang='lat' dir='ltr'>sed</span> <span class='ocrx_word' id='word_1_154' title='bbox 1341 4115 1387 4166; x_wconf 92' lang='lat' dir='ltr'>ea</span> <span class='ocrx_word' id='word_1_155' title='bbox 1401 4095 1507 4188; x_wconf 91' lang='lat' dir='ltr'>prius</span> 
     </span>
    </p>
   </div>
   <div class='ocr_carea' id='block_1_5' title="bbox 419 4365 1507 4439">
    <p class='ocr_par' dir='ltr' id='par_1_6' title="bbox 419 4365 1507 4439">
     <span class='ocr_line' id='line_1_26' title="bbox 419 4365 1507 4439; baseline -0.005 -11"><span class='ocrx_word' id='word_1_156' title='bbox 419 4376 425 4409; x_wconf 83' lang='lat'><strong>¹</strong></span> <span class='ocrx_word' id='word_1_157' title='bbox 449 4375 554 4428; x_wconf 86' lang='lat' dir='ltr'>Arsen.</span> <span class='ocrx_word' id='word_1_158' title='bbox 571 4373 638 4427; x_wconf 89' lang='lat' dir='ltr'>cod.</span> <span class='ocrx_word' id='word_1_159' title='bbox 655 4368 735 4439; x_wconf 86' lang='lat'><strong>5070,</strong></span> <span class='ocrx_word' id='word_1_160' title='bbox 753 4383 769 4422; x_wconf 89' lang='lat' dir='ltr'>a</span> <span class='ocrx_word' id='word_1_161' title='bbox 789 4368 962 4423; x_wconf 84' lang='lat' dir='ltr'>Guileberto</span> <span class='ocrx_word' id='word_1_162' title='bbox 987 4365 1129 4421; x_wconf 80' lang='lat' dir='ltr'>Mettensi</span> <span class='ocrx_word' id='word_1_163' title='bbox 1153 4369 1362 4437; x_wconf 68' lang='lat' dir='ltr'>transcriptus</span> <span class='ocrx_word' id='word_1_164' title='bbox 1388 4370 1425 4424; x_wconf 91' lang='lat' dir='ltr'>de</span> <span class='ocrx_word' id='word_1_165' title='bbox 1448 4383 1507 4438; x_wconf 91' lang='lat' dir='ltr'>quo</span> 
     </span>
    </p>
   </div>
   <div class='ocr_carea' id='block_1_6' title="bbox 273 4455 1507 4531">
    <p class='ocr_par' dir='ltr' id='par_1_7' title="bbox 273 4455 1507 4531">
     <span class='ocr_line' id='line_1_27' title="bbox 273 4455 1507 4531; baseline -0.004 -14"><span class='ocrx_word' id='word_1_166' title='bbox 273 4510 276 4517; x_wconf 94' lang='lat'>.</span> <span class='ocrx_word' id='word_1_167' title='bbox 381 4464 449 4518; x_wconf 89' lang='lat' dir='ltr'>vide</span> <span class='ocrx_word' id='word_1_168' title='bbox 466 4476 558 4531; x_wconf 84' lang='lat' dir='ltr'>supra</span> <span class='ocrx_word' id='word_1_169' title='bbox 573 4477 602 4530; x_wconf 92' lang='lat' dir='ltr'>p.</span> <span class='ocrx_word' id='word_1_170' title='bbox 619 4459 664 4525; x_wconf 77' lang='lat' dir='ltr'>tl,</span> <span class='ocrx_word' id='word_1_171' title='bbox 690 4465 722 4514; x_wconf 88' lang='lat' dir='ltr'>et</span> <span class='ocrx_word' id='word_1_172' title='bbox 736 4457 798 4512; x_wconf 91' lang='lat' dir='ltr'>Bib.</span> <span class='ocrx_word' id='word_1_173' title='bbox 823 4458 889 4511; x_wconf 87' lang='lat' dir='ltr'>Nat.</span> <span class='ocrx_word' id='word_1_174' title='bbox 906 4458 972 4511; x_wconf 89' lang='lat' dir='ltr'>cod.</span> <span class='ocrx_word' id='word_1_175' title='bbox 992 4457 1026 4510; x_wconf 90' lang='lat' dir='ltr'>sr.</span> <span class='ocrx_word' id='word_1_176' title='bbox 1041 4455 1094 4509; x_wconf 72' lang='lat'>129</span> <span class='ocrx_word' id='word_1_177' title='bbox 1113 4458 1165 4525; x_wconf 87' lang='lat' dir='ltr'>qui</span> <span class='ocrx_word' id='word_1_178' title='bbox 1190 4459 1328 4526; x_wconf 87' lang='lat' dir='ltr'>pluribus</span> <span class='ocrx_word' id='word_1_179' title='bbox 1351 4459 1428 4514; x_wconf 87' lang='lat' dir='ltr'>locis</span> <span class='ocrx_word' id='word_1_180' title='bbox 1445 4459 1507 4527; x_wconf 80' lang='lat' dir='ltr'>J&#39;am</span> 
     </span>
    </p>
   </div>
   <div class='ocr_carea' id='block_1_7' title="bbox 382 4545 1507 4706">
    <p class='ocr_par' dir='ltr' id='par_1_8' title="bbox 382 4545 1507 4706">
     <span class='ocr_line' id='line_1_28' title="bbox 382 4545 1507 4616; baseline -0.005 -8"><span class='ocrx_word' id='word_1_181' title='bbox 382 4553 562 4608; x_wconf 87' lang='lat' dir='ltr'>emendatus</span> <span class='ocrx_word' id='word_1_182' title='bbox 576 4551 707 4615; x_wconf 88' lang='lat' dir='ltr'>videtur,</span> <span class='ocrx_word' id='word_1_183' title='bbox 731 4549 810 4603; x_wconf 89' lang='lat' dir='ltr'>sicut</span> <span class='ocrx_word' id='word_1_184' title='bbox 826 4561 895 4602; x_wconf 86' lang='lat' dir='ltr'>mox</span> <span class='ocrx_word' id='word_1_185' title='bbox 918 4545 1134 4615; x_wconf 86' lang='lat' dir='ltr'>ostendemus;</span> <span class='ocrx_word' id='word_1_186' title='bbox 1151 4547 1199 4600; x_wconf 89' lang='lat' dir='ltr'>cui</span> <span class='ocrx_word' id='word_1_187' title='bbox 1220 4552 1320 4602; x_wconf 87' lang='lat' dir='ltr'>tamen</span> <span class='ocrx_word' id='word_1_188' title='bbox 1344 4549 1507 4616; x_wconf 88' lang='lat' dir='ltr'>plurimam</span> 
     </span>
     <span class='ocr_line' id='line_1_29' title="bbox 382 4634 1507 4706; baseline -0.004 -9"><span class='ocrx_word' id='word_1_189' title='bbox 382 4643 592 4698; x_wconf 86' lang='lat' dir='ltr'>auctoritatem</span> <span class='ocrx_word' id='word_1_190' title='bbox 609 4641 725 4695; x_wconf 79' lang='lat' dir='ltr'>confert</span> <span class='ocrx_word' id='word_1_191' title='bbox 738 4638 869 4706; x_wconf 86' lang='lat' dir='ltr'>epistula</span> <span class='ocrx_word' id='word_1_192' title='bbox 882 4638 919 4690; x_wconf 87' lang='lat' dir='ltr'>ad</span> <span class='ocrx_word' id='word_1_193' title='bbox 934 4635 1079 4690; x_wconf 86' lang='lat' dir='ltr'>Joanuem</span> <span class='ocrx_word' id='word_1_194' title='bbox 1095 4634 1262 4705; x_wconf 83' lang='lat' dir='ltr'>Biturigum</span> <span class='ocrx_word' id='word_1_195' title='bbox 1283 4639 1399 4706; x_wconf 85' lang='lat' dir='ltr'>ducem,</span> <span class='ocrx_word' id='word_1_196' title='bbox 1420 4638 1449 4691; x_wconf 90' lang='lat' dir='ltr'>in</span> <span class='ocrx_word' id='word_1_197' title='bbox 1471 4651 1507 4692; x_wconf 91' lang='lat' dir='ltr'>eo</span> 
     </span>
    </p>
   </div>
   <div class='ocr_carea' id='block_1_8' title="bbox 0 0 1816 5616">
    <p class='ocr_par' dir='ltr' id='par_1_9' title="bbox 0 0 1816 5616">
     <span class='ocr_line' id='line_1_30' title="bbox 0 0 1816 5616; baseline 0 0"><span class='ocrx_word' id='word_1_198' title='bbox 0 0 1816 5616; x_wconf 95' lang='lat' dir='ltr'> </span> 
     </span>
    </p>
   </div>
  </div>
 </body>
</html>
