3598 5616
364 541 403 604 52
854 561 945 606 carm
967 563 998 607 11.

364 697 449 770 dole
464 697 548 792 ipsa
565 719 692 772 rerum
713 719 810 792 quas
836 699 1065 773 Laurentius
1084 723 1131 774 ex
1154 703 1209 775 eis
1223 703 1426 798 collegerit,
1453 709 1490 776 et

364 831 447 904 ideo
466 853 589 926 pauca
603 832 649 904 de
665 832 863 904 sententiis
891 837 929 905 et
947 835 1191 927 opinionibus
1219 859 1317 930 quas
1336 839 1384 910 ab
1405 837 1489 910 aliis

365 965 534 1040 Boccacii
562 966 713 1062 seriptis
742 972 916 1062 sumptas
938 969 1126 1062 expressit
1155 993 1257 1045 nunc
1286 971 1487 1045 dicendum

361 1100 526 1175 videtur.
1275 1107 1280 1118 '

410 1236 561 1323 Quanto
584 1237 710 1310 studio
737 1239 776 1310 in
817 1239 925 1311 libris
950 1246 1008 1316 De
1035 1236 1164 1311 Clanis
1190 1237 1424 1312 Mulieribos
1452 1247 1488 1313 et

360 1371 583 1463 praesertim
599 1378 655 1472 De
678 1370 910 1468 Genealoqio
933 1372 1092 1446 deorum
1113 1374 1273 1467 scriptor
1292 1373 1332 1446 in
1351 1375 1486 1472 expla-¹

360 1504 509 1612 nendos
524 1504 670 1598 priscae
685 1507 822 1579 aetatis
842 1507 992 1580 fabulas
1007 1508 1236 1598 incubuerit,
1248 1509 1302 1581 ita
1320 1514 1364 1580 ut
1380 1531 1426 1581 ex
1441 1509 1487 1581 iis

361 1637 680 1732 significationem
695 1641 882 1735 poeticam
902 1646 939 1714 et
959 1641 1201 1735 allegoricam
1221 1643 1383 1733 eliceret,
1406 1665 1488 1736 per-

361 1772 561 1866 vulgatum
580 1779 649 1846 est.
672 1774 844 1848 Boccacii
865 1776 1087 1871 mythorum
1108 1776 1369 1870 interpretatio
1398 1778 1488 1850 ani-

361 1930 467 1979 mum
486 1909 625 1982 aetatis
646 1909 749 1982 illius
775 1909 917 2003 optime
946 1910 1194 2000 demonstrat,
1222 1934 1320 2004 quae
1344 1912 1487 1986 divinis

358 2043 472 2114 rebus
483 2065 639 2136 prorsus
652 2044 892 2137 repugnavit,
902 2048 952 2134 et,
964 2043 1053 2116 fidei
1070 2043 1186 2117 ferme
1201 2046 1489 2138 expersomnia

297 2251 300 2256 ,
359 2176 405 2248 de
424 2177 526 2250 coelo
546 2177 586 2249 in
605 2178 944 2268 terramdeduxit.
969 2177 1150 2251 Homines
1170 2201 1318 2273 semper
1343 2202 1487 2274 agnos—

360 2312 412 2384 cit
426 2314 497 2385 sub
516 2311 717 2386 fallacibus
740 2313 897 2384 deorum
918 2313 1077 2408 scrutis3
1100 2314 1231 2386 omnia
1253 2337 1344 2387 vero
1371 2315 1488 2388 mira-

361 2446 448 2518 cula
467 2447 676 2519 secundum
696 2452 876 2520 naturam
898 2446 1120 2540 simpliciter
1131 2448 1303 2522 evenisse
1318 2471 1488 2545 compro·
1548 2491 1562 2507 x

360 2582 447 2653 bat:
481 2579 667 2653 Venerem
696 2603 896 2674 nunquam
929 2603 971 2654 ex
1005 2581 1119 2654 undis
1145 2587 1268 2654 ortam
1302 2605 1398 2674 esse,
1421 2584 1486 2656 sed

361 2715 559 2788 mulierem
579 2714 696 2787 fuisse
712 2715 892 2810 Cypriam
907 2716 1113 2805 contendit,
1132 2738 1229 2810 quae
1253 2741 1268 2786 o
1283 2722 1391 2789 tanto
1411 2717 1487 2789 oris

361 2849 493 2922 decore
519 2855 556 2921 et
570 2849 687 2922 totius
707 2851 873 2943 corporis
902 2855 1104 2923 venustate
1131 2851 1287 2924 emicuit
1309 2856 1354 2923 ut
1376 2873 1487 2946 saepe

361 2984 594 3056 intuentium
614 2962 808 3056 falleretur
821 2985 1026 3057 credulitas
1039 3010 1073 3074 o,
1093 2985 1157 3057 sed
1186 2985 1326 3058 vitiosa
1344 2985 1488 3059 femina

360 3123 397 3192 et
417 3140 565 3190 morum
577 3119 790 3212 corruptrix
805 3118 986 3214 exstitit¹3
1005 3120 1177 3213 Prognen
1189 3119 1228 3190 in
1240 3119 1486 3193 hirundinem

361 3257 549 3325 mutatam
564 3274 645 3325 esse
665 3257 702 3325 et
722 3250 972 3326 Philomelam
989 3253 1028 3325 in
1047 3253 1251 3326 lusciniam
1271 3260 1398 3350 negat,
1421 3254 1486 3327 sed

359 3387 523 3480 priorem
540 3386 634 3458 atris
646 3386 886 3459 vestimentis
901 3387 1076 3459 indutam
1092 3387 1132 3459 in
1144 3388 1336 3481 superiore
1351 3389 1487 3461 domus

359 3525 467 3614 parte
499 3519 689 3614 usquead
720 3526 880 3593 mortem
900 3520 1055 3609 vixisse,
1084 3522 1243 3594 alteram
1273 3544 1340 3616 per
1368 3522 1486 3594 silvas

358 3659 548 3728 errantem
573 3653 725 3727 assidue
750 3654 949 3727 deflevisse
978 3661 1015 3727 et
1043 3661 1188 3728 maesta
1210 3656 1382 3729 carmina
1406 3657 1485 3729 edi-

359 3788 459 3861 disse
474 3787 654 3882 asserit23
675 3788 833 3861 Danaen
853 3788 982 3860 aJove
1002 3788 1041 3859 in
1062 3810 1199 3861 aurum
1211 3811 1393 3863 converso
1406 3789 1486 3863 vio-

393 4085 402 4120 1
424 4083 467 4137 Dc
481 4082 524 4139 Gl.
543 4082 617 4138 Mul.
635 4096 661 4136 c.
679 4081 714 4150 73
731 4082 800 4136 vide
815 4084 942 4137 alteram
958 4083 1186 4138 translationem
1211 4084 1357 4140 librorum
1372 4086 1415 4140 Dc
1432 4086 1485 4142 Ca-

356 4173 445 4241 sibus,
460 4173 495 4229 ll.
512 4187 539 4228 a.
553 4170 597 4236 lO,
614 4172 666 4226 ubi
682 4172 720 4226 de
734 4172 858 4226 Didonis
873 4186 946 4226 casu
963 4173 1071 4239 agitur.

391 4264 403 4299 ²
423 4263 466 4317 Ile
481 4261 554 4316 Gen.
571 4262 658 4318 Deor.
672 4262 719 4330 lx,
736 4260 771 4329 83
788 4275 856 4315 eum
872 4262 953 4315 bunc
968 4263 1066 4316 locum
1082 4263 1263 4318 Laurentius
1285 4265 1373 4319 alteri
1390 4271 1485 4322 trans·

355 4353 460 4408 lationi
480 4352 627 4407 insereret
642 4347 672 4412 (l.
691 4350 712 4419 l,
729 4366 755 4405 c.
771 4350 809 4420 5),
824 4352 1007 4406 mutationes
1019 4352 1103 4418 ipsas
1118 4352 1220 4407 omisit
1233 4358 1266 4407 ut
1279 4355 1375 4408 solam
1392 4356 1484 4411 inter-

356 4443 558 4512 pretationem
573 4441 733 4509 retineret3
755 4445 928 4494 nontamen
944 4454 1011 4495 eam
1029 4446 1123 4495 totam
1140 4442 1342 4511 transcripsit,
1360 4459 1430 4500 nam
1453 4446 1484 4500 id

356 4535 436 4602 quod
455 4532 493 4585 de
515 4532 609 4585 Tereo
631 4530 660 4583 in
682 4543 816 4598 upupam
839 4543 985 4584 converso
1004 4536 1228 4586 commentatus
1250 4537 1296 4586 est
1320 4532 1484 4589 Boccacius

356 4625 428 4690 (non
441 4621 540 4675 minus
554 4617 750 4681 mirandumll
767 4619 897 4686 reliquit.
