3568 5620
795 526 928 568 carcar.
1386 513 1424 572 23

299 663 415 752 tione,
436 667 480 738 ut
504 685 619 755 supra
647 660 829 751 vidimus,
856 681 995 737 nomen
1013 661 1209 737 occurrit¹.
1232 661 1424 739 hectorem

297 795 506 889 quemdam
523 795 639 888 igitur
654 816 692 867 se
708 793 955 869 oblectavisse
975 795 1015 866 in
1035 794 1308 872 transferendis
1338 818 1425 869 ver-

299 930 405 1005 sibus
424 929 555 1002 latinis
583 927 780 1003 Laurentii
801 928 1008 1002 verisimile
1027 933 1097 1017 est,
1130 928 1184 1002 ita
1210 935 1255 1002 ut
1280 931 1347 1024 qui
1369 937 1425 1004 tot

186 1129 190 1135 .
299 1081 413 1158 opera
431 1063 564 1158 gallice
584 1062 845 1150 transtulerat,
859 1062 1126 1135 translatorem
1142 1085 1255 1135 suum
1274 1088 1425 1160 quoque

299 1197 533 1274 habuerit!¹

249 1371 252 1378 ·
347 1333 521 1405 Ceterum
534 1331 669 1426 gallico
685 1332 845 1404 carmini
865 1354 984 1426 aeque
1000 1354 1043 1404 ao
1062 1332 1181 1404 latino
1201 1333 1328 1406 tenuis
1342 1335 1426 1406 laus

298 1465 501 1543 tribuenda
520 1471 589 1556 est,
612 1464 644 1538 si
664 1465 751 1558 quis
779 1465 818 1538 in
849 1466 924 1538 illis
949 1465 1151 1560 ingenium
1174 1467 1365 1560 poeticum
1390 1473 1427 1540 et

298 1606 418 1674 artem
439 1601 621 1675 intuetur.
641 1599 755 1693 Digni
776 1605 905 1674 tamen
926 1605 1016 1672 sunt
1040 1600 1106 1694 qui
1127 1605 1270 1673 attente
1298 1601 1427 1696 legan-

296 1739 360 1806 tur
378 1733 574 1810 Laurentii
594 1755 741 1823 versus,
760 1754 847 1805 oum
863 1733 903 1804 in
923 1733 978 1805 eis
993 1733 1232 1826 reperiantur
1246 1755 1426 1828 expressa

296 1889 393 1962 quae
414 1867 475 1940 vir
495 1867 698 1957 litteratus,
731 1866 915 1950 Lutetiae,
938 1867 1094 1940 ineunte
1125 1868 1251 1940 seculo
1277 1868 1357 1958 XV,
1379 1870 1425 1942 (le

296 2002 465 2076 Boceacii
485 2001 566 2074 vita
586 2007 623 2074 et
638 2001 788 2094 scriptis
808 2001 902 2074 sciro
922 2006 1108 2094 potuerat.
1134 2003 1328 2096 Perpauca
1341 2004 1426 2097 qui-

294 2136 379 2212 dem
396 2140 509 2228 sunt3
545 2135 610 2206 sed
625 2133 874 2227 quantumvis
894 2139 1048 2208 tenuem
1064 2139 1101 2208 et
1122 2135 1305 2209 incertam
1323 2137 1425 2212 exis-

294 2270 474 2366 timemus
508 2269 701 2341 Laurentii
722 2268 952 2369 scientiam,
983 2291 1060 2341 non
1102 2274 1231 2342 tamen
1265 2271 1423 2344 omnino

247 2489 249 2493 v
294 2389 578 2497 despiciendum
598 2407 655 2476 est
670 2424 823 2475 carmen
835 2403 953 2475 tantis
974 2403 1144 2476 Boccacii
1162 2404 1342 2480 laudibus
1357 2405 1423 2477 in-

294 2538 412 2633 signe,
435 2544 472 2610 et
490 2538 592 2632 apud
611 2560 681 2609 nos
696 2537 735 2608 in
761 2536 896 2630 primis
922 2537 1005 2610 ideo
1036 2538 1220 2612 memoria
1243 2539 1416 2632 dignum,

292 2672 392 2765 quod
413 2671 555 2744 lamam
580 2649 773 2746 ¹florentini
802 2671 1011 2745 narratoris
1031 2670 1130 2743 inter
1158 2672 1284 2746 Gallos
1318 2673 1420 2745 illius

292 2806 429 2881 aetatis
447 2805 675 2898 divulgavit.
1353 2909 1356 2915 Ι

340 2940 443 3012 Duas
457 2961 517 3013 res
537 2943 687 3012 tantum
709 2939 936 3012 Laurentius
960 2961 1048 3012 rere
1063 2940 1239 3033 exposuit
1257 2941 1303 3014 tle
1319 2941 1419 3014 Boc-

291 3075 383 3148 cacii
397 3074 492 3163 vita,
515 3073 623 3145 illum
634 3073 776 3146 scilicet
790 3074 839 3146 ab
855 3073 1013 3166 ignobili
1027 3079 1135 3167 patre
1147 3079 1304 3147 natun12
1320 3098 1417 3147 nun-

290 3207 547 3301 quamlourea
565 3207 929 3280 coronadecoratum
943 3228 1023 3279 esse
1034 3213 1058 3278 ³.
1080 3206 1272 3293 Quantum
1287 3213 1415 3286 autem

289 3365 312 3414 a
332 3363 420 3415 vero
440 3341 607 3414 alienum
629 3341 678 3413 sit
696 3341 798 3435 quod
809 3341 854 3413 de
869 3341 1063 3412 florentini
1081 3340 1274 3434 scriptoris
1284 3341 1415 3414 matri-

323 3641 330 3674 ¹
352 3642 415 3696 Bib.
430 3642 497 3697 Nat.
510 3641 544 3693 fr.
559 3638 627 3707 1313
644 3639 737 3693 Lond.
761 3639 832 3692 Brit.
853 3640 929 3693 blus,
948 3639 993 3708 14,
1011 3640 1043 3709 E,
1056 3641 1089 3694 V.
1108 3642 1302 3695 —Versuum
1318 3642 1413 3710 scrip-

286 3735 363 3800 tura,
372 3732 401 3784 in
418 3730 526 3785 codice
537 3728 792 3797 Londin.,eedem
807 3733 856 3783 est
867 3733 960 3798 atque
972 3729 1002 3782 in
1016 3734 1080 3783 toto
1093 3730 1170 3784 libro
1183 3747 1189 3799 3
1202 3731 1230 3783 in
1245 3730 1411 3785 Parisiensi

286 3825 402 3889 contra,
418 3833 528 3873 versus
543 3818 629 3872 latini
649 3822 681 3872 et
701 3818 802 3886 gallici
817 3833 876 3872 non
899 3833 917 3871 a
931 3818 1054 3872 librario
1067 3820 1245 3887 transcripti
1261 3824 1342 3888 sunt,
1354 3821 1410 3875 sed

286 3912 432 3965 electore
447 3908 591 3978 quodem,
607 3907 660 3976 qui
673 3907 774 3962 varias
795 3907 1011 3961 adnotationes
1031 3908 1059 3960 in
1079 3909 1268 3976 marginibus
1293 3909 1410 3964 codicis

285 3999 398 4067 posuit.

319 4107 330 4140 ⁹
444 4107 553 4160 Vatum
566 4109 649 4158 terre
661 4082 786 4172 parens,
802 4104 901 4158 sacris
916 4104 1059 4159 adamata
1071 4105 1213 4159 Camenis

444 4195 520 4248 Itala
527 4234 1034 4250 .............................

449 4323 616 4340 ..........
635 4297 733 4350 nuper
747 4284 894 4350 genuisse
908 4284 1077 4338 Jobannem

411 4399 413 4402 ·
443 4372 626 4426 Boccacium
640 4372 741 4426 media
753 4373 868 4439 gaudet
882 4372 921 4426 de
934 4373 1025 4439 plebe
1040 4379 1187 4429 creatum.

443 4493 538 4558 Quam
553 4491 664 4546 meruit
678 4492 785 4546 vivens
798 4493 917 4546 laurum
930 4497 1003 4560 post
1015 4494 1079 4547 sata
1091 4496 1219 4563 recepit,

443 4582 472 4636 Si
487 4595 549 4649 qua
561 4580 628 4634 (leis
642 4580 743 4647 pietas
757 4585 788 4634 et
801 4595 921 4635 merces
937 4596 1037 4651 aequa
1050 4584 1155 4638 labori.
