3598 5616
784 553 875 596 cirur
897 555 940 594 ur.
1385 539 1419 596 71

296 708 372 758 non
409 707 616 780 negamus3
648 708 724 757 non
759 690 901 775 tamen,
938 685 1036 758 siout
1081 686 1238 780 quidam
1282 693 1422 760 temere

296 820 487 910 dixerunt,
510 820 603 892 adeo
630 824 672 891 ut
698 820 815 892 totius
838 819 925 892 libri
945 820 1164 892 oeconomia
1193 826 1418 913 mutaretur,

296 959 364 1026 aut
389 976 484 1048 opus
510 959 616 1047 parte
638 954 769 1048 aliqua
795 954 1048 1028 mutilaretur.
1081 953 1155 1026 Sed
1184 956 1421 1051 singulorum

296 1090 500 1162 verborum
517 1089 668 1183 saepius
688 1110 764 1161 non
783 1110 962 1182 expressa
981 1095 1053 1177 est,
1067 1090 1295 1183 significatio
1314 1114 1419 1183 vera,

297 1245 356 1295 res
375 1223 479 1316 ipsae
495 1222 590 1295 falso
605 1223 816 1295 intellectae
837 1227 948 1318 sunt3
965 1224 1142 1318 denique,
1165 1224 1196 1296 si
1211 1224 1424 1318 particula-

300 1357 366 1428 tim
381 1356 672 1429 translationem
701 1355 990 1450 inspexerimus,
1015 1357 1180 1450 plurima
1202 1358 1297 1430 vitia
1317 1365 1424 1432 nota-

297 1490 491 1586 verimus3
521 1513 683 1585 quorum
713 1512 815 1562 nunc
835 1490 980 1585 aliquot
1003 1492 1177 1585 exempla
1209 1493 1423 1587 proferendi

295 1625 400 1698 locus
419 1630 487 1697 est.

344 1759 397 1831 De
420 1758 466 1830 iis
486 1758 678 1830 erroribus
704 1758 826 1852 primo
846 1758 1046 1851 loquemur
1070 1759 1236 1831 Antonio
1268 1759 1425 1834 Aretino

295 1891 567 1981 admonendis,
589 1891 655 1985 qui
686 1913 773 1964 oum
802 1892 1004 1965 manifesto
1024 1891 1160 1964 litteris
1181 1893 1313 1965 latinis
1339 1916 1424 1967 me-

294 2026 472 2100 diocriter
497 2025 669 2098 eruditus
701 2025 830 2115 fuerit,
860 2025 1012 2119 saepius
1042 2025 1246 2098 Laurentio
1272 2031 1425 2100 senten-

294 2161 368 2234 tias
395 2160 678 2233 transferendas
711 2159 908 2254 proposuit
940 2160 1081 2254 quibus
1114 2161 1423 2254 perspicuitatem

294 2295 459 2368 defuisse
476 2299 580 2389 patet
604 2318 611 2366 :

340 2527 441 2593 Bocc.
459 2525 584 2611 (Pestis
609 2523 758 2611 descrl:
785 2550 799 2586 o
826 2522 922 2590 Della
942 2523 1075 2590 minuta
1095 2535 1197 2614 gente
1225 2549 1242 2592 e
1268 2525 1359 2593 forse
1389 2527 1423 2593 in

294 2656 379 2722 gran
402 2642 497 2723 parte
521 2630 609 2698 della
635 2653 791 2697 mezzana
811 2654 867 2697 ora
884 2630 908 2696 il
923 2630 1237 2720 ragguardamento
1258 2631 1298 2699 cli
1316 2631 1423 2700 molto

294 2739 457 2832 moppior
471 2738 619 2806 miseria
627 2737 748 2828 pierio.
765 2765 779 2802 o
798 2777 839 2788 -
853 2737 987 2804 Transi.
1006 2762 1012 2804 :
1029 2765 1043 2801 α
1060 2737 1151 2805 Maia
1168 2737 1199 2805 le
1220 2751 1292 2806 trec
1308 2752 1423 2831 procl

295 2850 443 2939 reporl¹
468 2845 571 2914 estoit
597 2844 710 2913 occult
735 2844 840 2932 plaic
868 2844 910 2912 cle
935 2844 1062 2912 mi'reie
1086 2845 1183 2913 etde
1208 2846 1300 2936 pitr'e
1319 2871 1361 2913 en
1389 2847 1423 2916 la

293 2966 376 3044 gent
401 2977 523 3022 menno
552 2964 585 3022 et
610 2977 652 3020 en
672 2952 705 3020 la
720 2953 795 3044 plus
822 2963 922 3042 grant
949 2953 1056 3042 partie
1077 2952 1118 3019 de
1142 2953 1175 3019 la
1196 2976 1378 3044 mayenne.
1402 2981 1418 3018 o

297 3062 384 3150 [Quo
414 3059 515 3126 modo
548 3059 733 3127 erravisset
753 3060 961 3127 Laurentius
986 3060 1021 3125 ni
1055 3060 1223 3127 Antonius
1246 3060 1351 3128 verba
1384 3062 1424 3130 di

292 3166 398 3234 molto
420 3166 583 3257 moppior
607 3166 650 3233 ad
679 3189 804 3233 nomen
825 3165 1156 3256 roppuorclomento
1182 3168 1348 3247 reserens,
1371 3170 1420 3236 sic

294 3275 363 3342 lere
379 3275 573 3366 scripsisset
594 3298 601 3340 :
619 3273 683 3341 recl
700 3272 938 3341 consideratio
959 3273 1071 3341 multo
1088 3274 1209 3363 ruojor
1229 3277 1301 3360 (aut
1318 3275 1420 3366 loope

293 3381 454 3450 monrium
465 3386 494 3468 5²)
509 3393 589 3448 erut
600 3379 870 3472 pietatepleno.
886 3437 892 3449 .
908 3437 915 3450 .
931 3383 956 3468 l]

336 3491 437 3556 Bocc.
449 3489 681 3575 (Prooemium
699 3487 836 3555 decadis
852 3490 912 3576 IV)
933 3512 939 3554 :
960 3514 974 3550 o
997 3488 1261 3580 Murociplioco
1276 3513 1356 3558 coro
1372 3491 1422 3559 orl

292 3596 408 3673 odire,
426 3596 516 3664 colui
537 3596 599 3663 che
620 3595 685 3664 mai
707 3596 765 3686 piu
781 3595 904 3662 alcuna
925 3595 1067 3683 (donna)
1083 3596 1209 3664 veduta
1223 3621 1293 3665 non
1319 3621 1416 3679 ovea,

292 3727 358 3771 non
375 3704 525 3771 curalosi
546 3703 600 3770 dei
622 3701 750 3793 palagi.
766 3754 795 3770 ..
818 3703 921 3768 disse.
948 3728 962 3764 l>
981 3743 1022 3752 -
1044 3704 1178 3770 Transl.
1200 3729 1207 3770 :
1228 3703 1342 3772 Colles
1362 3730 1417 3774 ces

290 3810 501 3879 semblerent
520 3809 783 3878 merveilleuses
804 3833 845 3876 au
864 3809 1062 3899 jouvencel‚
1080 3811 1138 3900 qui
1154 3833 1305 3902 oncques
1331 3815 1416 3880 mais

292 3942 424 3986 aucune
440 3917 588 3985 d'icelles
609 3917 738 3984 n’avoit
757 3940 860 3987 vcue.
876 3969 905 3986 ..
928 3944 941 3979 u
968 3917 1015 4005 [si
1031 3918 1201 3985 Antonios
1223 3920 1418 4010 scripsisset

292 4024 463 4093 Mirabile
487 4025 583 4093 dictu
618 4025 671 4091 vel
704 4023 847 4103 auditu,
881 4024 1037 4112 quisnam
1069 4025 1132 4092 lroe
1171 4026 1344 4116 epitheton
1374 4028 1415 4095 ad

291 4132 420 4222 puellas
440 4132 495 4199 vel
516 4156 655 4200 anseres
671 4131 861 4200 rettulisset
875 4133 905 4218 ‘ll

334 4242 435 4307 Bocc.
454 4241 528 4328 (Vl,
553 4243 606 4326 111)
628 4263 634 4305 :
666 4265 680 4302 c
700 4239 726 4306 11
753 4239 820 4305 mio
848 4238 940 4304 fante
957 4237 1001 4303 lia
1021 4239 1054 4304 in
1073 4241 1108 4305 se
1130 4262 1216 4307 noce
1235 4264 1320 4308 core.
1342 4269 1414 4303 »-

290 4347 423 4414 Transl.
442 4372 448 4414 :
471 4375 528 4413 r...
547 4370 569 4414 o
586 4345 848 4414 merveilleooeo
863 4345 992 4412 choree.
1019 4372 1031 4406 i
1054 4346 1124 4433 [Bis
1141 4349 1305 4438 repetitus
1320 4372 1416 4416 error

325 4599 333 4633 ¹
359 4597 425 4651 Tres
440 4601 532 4667 prout
546 4598 695 4652 omittitur
708 4599 738 4652 in
754 4598 821 4653 cod.
839 4598 873 4654 sr.
890 4597 951 4660 129,
968 4611 1027 4652 non
1048 4599 1077 4652 io
1092 4601 1197 4653 Arsen.
1214 4597 1293 4655 5070.
