3568 5620
394 550 434 610 lt
885 565 976 610 etrur
998 569 1030 610 u.

394 702 549 776 nomine
587 707 737 776 tantum
776 706 907 775 auotor
941 709 1231 795 memoraverat,
1268 705 1348 799 ipse
1391 711 1519 780 autem

393 836 608 931 legentibus
627 858 764 931 parum
779 842 889 909 notos
908 859 989 910 esse
1009 837 1223 932 suspicatus
1243 844 1334 912 est¹.

443 970 626 1058 Quamvis
655 970 787 1044 multis
812 976 851 1043 et
878 971 1061 1074 grauibus
1086 972 1193 1045 vitiis
1217 972 1450 1048 deformetur
1477 997 1521 1047 ea

393 1104 562 1178 Boooaeii
614 1105 813 1178 translatio
860 1127 976 1199 quam
1014 1089 1179 1200 priorem
1223 1107 1341 1180 Gallis
1385 1108 1522 1182 obtulit

393 1237 634 1328 Laurentius
644 1239 751 1311 nulla
765 1244 893 1312 tamen
904 1240 1129 1333 reprehendi
1140 1246 1264 1335 potest
1276 1241 1397 1315 nimia
1412 1241 1522 1315 liher-

391 1377 465 1445 tas.
483 1372 686 1467 Soriptoris
700 1374 832 1463 verba,
846 1373 1073 1465 sententiae,
1087 1380 1290 1469 praesepta
1304 1374 1468 1448 fideliter
1486 1380 1523 1448 et

391 1507 603 1581 verecunde
618 1509 667 1580 ab
691 1529 734 1580 eo
749 1508 974 1599 redduntur,
1002 1529 1072 1581 nee
1096 1509 1302 1603 quiequam
1318 1510 1520 1584 Laurentio

393 1641 554 1737 objioere
581 1641 764 1715 debemus
783 1640 858 1714 nisi
883 1641 1006 1735 ipsam
1029 1642 1273 1737 imperitiam.
1294 1643 1368 1717 Sed
1391 1649 1522 1718 trans-
1637 1655 1641 1661 '

393 1776 547 1850 lationis
584 1798 675 1849 suae
709 1777 867 1850 mendas
901 1777 980 1871 ipse
1016 1777 1206 1872 cognovit,
1243 1778 1360 1851 immo
1388 1779 1444 1852 eis
1480 1785 1523 1852 ut

395 1909 599 2003 disciplina
620 1910 789 2004 quadarn
810 1915 860 2001 et,
879 1916 923 1984 ut
947 1911 1001 1983 ita
1020 1911 1159 2001 dicam,
1189 1911 1401 2007 praeceptis
1432 1935 1524 1986 usus

393 2049 463 2135 est,
477 2067 556 2139 quo
578 2044 713 2116 melius
736 2049 867 2138 postea
882 2045 1122 2118 translatoris
1137 2045 1263 2119 officio
1279 2046 1520 2140 iungeretur:
1547 2043 1552 2052 ’

395 2201 485 2251 nam
505 2177 669 2272 latinum
690 2199 902 2252 sermonem
920 2178 1055 2272 galliae
1074 2179 1125 2252 ad
1144 2180 1304 2252 verbum
1327 2180 1523 2254 transferri

395 2334 471 2385 non
498 2332 607 2405 posse
647 2311 845 2402 intellexit,
872 2312 1095 2406 praesertim
1130 2336 1230 2405 eum,
1261 2315 1389 2409 paullo
1422 2319 1522 2410 post,

396 2446 587 2519 Ciceronis
609 2446 750 2519 librum
780 2469 980 2540 aggressus
1004 2452 1072 2520 est.
1092 2447 1251 2522 Miratus
1277 2449 1379 2538 enim
1407 2471 1524 2545 qnam

394 2582 614 2670 vehemens
637 2602 753 2674 quam
772 2601 903 2674 grave,
916 2603 1033 2676 quam
1053 2581 1276 2675 praesertim
1292 2583 1407 2656 breve
1426 2582 1524 2656 foret

395 2717 444 2788 M.
482 2714 597 2787 Tullii
630 2714 779 2787 dieendi
808 2713 959 2808 genus²‚
987 2737 1128 2788 novam
1148 2716 1252 2789 viam
1280 2717 1401 2811 sequi,
1423 2740 1525 2791 nova

394 2847 649 2923 transterendi
682 2847 830 2920 ratione
866 2848 924 2921 uti
954 2849 1108 2945 statuit,
1135 2873 1226 2925 nam
1259 2851 1300 2922 in
1332 2851 1523 2946 prooemio

395 2983 484 3056 libri
515 2982 572 3056 De
604 2981 809 3056 Senectute
837 3006 861 3056 a
892 3005 931 3056 se
962 2964 1151 3075 translati,
1183 2985 1279 3059 duas
1305 3007 1365 3060 res
1390 2986 1463 3060 sibi
1483 3008 1523 3059 se

395 3118 634 3212 proposuisse
654 3118 846 3212 professus
865 3123 922 3191 est
945 3141 952 3190 :

431 3450 494 3504 ¹L.
520 3450 546 3519 1,
567 3463 593 3504 e.
616 3448 678 3504 18:
712 3466 725 3500 e
752 3449 852 3519 ipsam
883 3449 1063 3504 Venerem:
1095 3447 1199 3504 Venus
1232 3450 1261 3503 la
1298 3449 1376 3506 belle
1414 3452 1525 3507 deesse

395 3539 572 3595 d'amoursi
587 3555 593 3608 ;
611 3558 624 3590 ‹
640 3539 679 3594 ob
693 3539 813 3594 Aeneae
827 3529 984 3594 victoriam
999 3554 1005 3593 :
1020 3552 1099 3608 pour
1112 3539 1142 3592 la
1155 3539 1282 3594 viotoire
1298 3539 1408 3596 d'Enee
1420 3545 1524 3596 contre

395 3628 514 3682 Turnus
536 3644 569 3700 »¹3
588 3644 601 3680 t
618 3628 698 3683 hosti
726 3632 857 3696 patrem.
869 3667 893 3681 ..
913 3627 1057 3683 tradidit:
1075 3627 1166 3682 bailia
1179 3641 1234 3682 son
1250 3643 1336 3696 pere.
1349 3671 1372 3686 ..
1404 3643 1443 3685 au
1470 3644 1523 3699 roy

398 3717 503 3782 Minos,
519 3717 640 3772 ennemi
662 3718 701 3771 du
726 3717 772 3771 dit
791 3717 883 3771 Nisus
908 3733 942 3785 r,
970 3733 983 3768 t
1007 3717 1076 3771 Sino
1099 3717 1307 3772 Semiramidis
1331 3719 1465 3774 inclitam
1486 3721 1525 3775 ob

396 3806 582 3876 pruriginem
598 3807 714 3873 legem:
730 3806 764 3860 Je
791 3807 882 3860 laissa
898 3807 926 3859 la
945 3806 993 3873 loy
1017 3806 1054 3860 de
1079 3805 1257 3860 Semiramis
1278 3807 1362 3862 roine
1376 3809 1415 3862 de
1430 3809 1526 3864 Babil·

396 3896 476 3951 lonie
491 3909 569 3965 pour
580 3895 710 3949 l'ordnre
724 3895 823 3959 d’elle,
840 3895 915 3948 e’est
930 3909 948 3948 a
963 3895 1027 3949 dire
1039 3895 1069 3962 je
1084 3894 1174 3950 laisse
1190 3896 1220 3950 la
1232 3896 1281 3965 loy
1292 3911 1352 3964 que
1366 3897 1417 3952 fist
1432 3897 1526 3954 Semi·

396 3986 489 4040 ramis
518 3985 690 4040 ordonnant
714 3998 774 4054 que
799 3985 934 4038 chacune
950 3997 1033 4038 mere
1048 3989 1141 4052 peust
1164 3998 1316 4055 espouser
1338 4000 1392 4041 son
1415 4001 1527 4058 propre

396 4075 455 4131 lllz.
478 4093 490 4127 n
526 4106 551 4113 -
574 4075 760 4143 Saepissime
775 4073 954 4128 Laurentius
971 4087 1081 4128 nomen
1106 4074 1254 4129 omissum
1271 4076 1414 4145 exprimit
1441 4076 1526 4145 (Ber-

395 4165 479 4219 sabee
495 4164 716 4233 l'egyptienne;
737 4177 772 4218 sa
791 4163 903 4217 lemme
927 4161 1161 4232 Clytemestra
1176 4178 1230 4218 son
1247 4164 1348 4219 ribeut
1369 4164 1523 4234 epistites)

395 4260 448 4309 aut
462 4259 568 4309 contra
584 4253 697 4307 nomini
720 4252 833 4320 aliquid
853 4252 957 4320 adjicit
973 4252 1014 4320 (le
1029 4253 1112 4305 eruet
1127 4251 1216 4306 chien
1230 4253 1376 4323 Cerbere3
1393 4255 1525 4310 Lucreee

397 4345 427 4397 la
441 4347 500 4398 tres
515 4343 615 4396 charte
623 4359 634 4410 ,·
650 4341 810 4410 Calpurnia
828 4346 859 4395 et
873 4341 1052 4410 Sempronia
1065 4339 1228 4412 ribaudes),
1252 4356 1309 4396 nee
1329 4357 1396 4397 raro
1415 4358 1525 4398 nomen

396 4422 531 4488 Boeaaeii
544 4431 698 4500 exprimit,
710 4444 778 4485 anm
789 4431 920 4498 scriptor
935 4430 1032 4498 prima
1042 4444 1172 4498 persona
1186 4445 1260 4486 usus
1275 4436 1357 4486 erat:
1377 4449 1389 4483 t
1404 4433 1525 4488 Comme

396 4523 489 4578 adoni
500 4523 530 4591 J'e
542 4521 640 4576 Jehnn
661 4519 797 4578 Boceaee.
811 4563 833 4577 ..
860 4539 873 4572 r

430 4612 441 4644 ‘²
461 4630 474 4662 u
496 4611 581 4666 Ledit
596 4610 670 4664 livre
685 4610 799 4679 esoript
813 4624 849 4664 en
867 4614 928 4664 tres
944 4614 1063 4664 courtet
1077 4609 1162 4664 latin.
1183 4631 1192 4657 »
1211 4609 1291 4671 (Cod.
1304 4610 1339 4664 lr.
1356 4609 1435 4680 1020,
1452 4612 1469 4667 l.
1484 4610 1524 4682 3.)
