3598 5616
373 525 410 584 76
858 544 949 586 creor
969 544 1013 586 ru.

371 673 490 746 animi
507 679 544 746 et
559 673 800 748 securitatem
817 696 840 746 a
855 674 1081 746 translatore
1096 675 1396 747 demonstratam
1411 697 1498 746 cum

373 812 426 880 tot
446 813 483 880 ct
504 813 631 881 tantas
650 808 814 903 ineptias
833 813 1008 880 narraret
1027 807 1270 902 impavidus!
1299 807 1499 883 Aretinnm

373 943 604 1014 monachum
633 963 767 1036 urgere
798 947 945 1036 poterat
974 942 1242 1036 interrogando
1269 947 1307 1037 et
1334 944 1499 1036 quodam

374 1078 486 1150 modo
505 1098 635 1170 cogere
655 1081 698 1148 ut
721 1076 813 1170 quid
835 1098 858 1148 a
884 1075 1063 1149 Boceaoio
1083 1076 1342 1170 significatum
1363 1076 1501 1150 intelli-

373 1217 477 1308 geret
497 1217 625 1306 aperte
645 1211 929 1306 manifestaret3
952 1215 1144 1305 acceptam
1166 1216 1298 1283 contra
1318 1212 1367 1284 ab
1386 1233 1428 1284 eo
1446 1213 1501 1285 la-

377 1347 495 1420 tinam
512 1345 814 1436 translationem,
833 1345 983 1418 etiamsi
1000 1345 1191 1417 interdum
1212 1367 1326 1417 sensu
1346 1346 1501 1418 omnino

374 1485 531 1567 careret,
554 1502 753 1572 nunquam
781 1479 819 1550 in
843 1479 1023 1573 gallicum
1051 1500 1263 1552 sermonem
1283 1484 1502 1553 convertere

375 1613 577 1687 recusavit.
601 1613 691 1685 Tres
707 1634 828 1685 annos
847 1613 1039 1708 conjuncti
1060 1613 1241 1692 vixerunt
1260 1614 1450 1707 Antonius
1465 1621 1503 1687 et

375 1748 616 1838 Laurentina,
650 1747 818 1842 hospitas
850 1748 964 1820 ambo
997 1747 1129 1819 divitis
1157 1747 1231 1819 viri
1273 1748 1423 1821 Bureau
1455 1750 1502 1821 de

375 1882 652 1976 Dampmartin‚
690 1903 812 1976 neque
843 1881 897 1952 illi
932 1881 999 1973 qui
1032 1881 1165 1975 gallice
1200 1905 1295 1976 opus
1331 1881 1502 1956 italicum

376 2017 628 2090 transferebat
656 2015 695 2086 in
725 2020 891 2088 montem
919 2015 1026 2088 renit
1051 2015 1194 2088 discere
1222 2015 1409 2089 elementa
1430 2016 1503 2088 lin-

379 2173 477 2246 guae
498 2151 660 2239 italicae,
681 2155 747 2222 aut
763 2150 897 2223 saltem
918 2151 966 2223 ab
987 2150 1167 2241 Antonio,
1185 2173 1272 2224 cum
1292 2174 1367 2244 quo
1383 2151 1504 2224 latino

377 2306 549 2359 sermone
564 2285 621 2356 uti
643 2289 802 2379 poterat,
825 2285 1012 2380 quaedam
1033 2285 1296 2378 exquirerem
1315 2285 1390 2358 illis
1412 2287 1504 2358 locis

376 2442 470 2516 qnos
491 2419 655 2492 maximo
676 2420 855 2492 obscuros
874 2424 940 2491 ant
961 2419 1064 2490 omni
1091 2418 1370 2512 significatione
1390 2420 1503 2492 desti-

377 2559 479 2627 tutos
498 2551 740 2626 inveniebat!

426 2687 589 2760 Nomina
622 2687 737 2760 etiam
771 2708 1019 2781 personarum
1053 2692 1120 2760 aut
1158 2688 1325 2761 locorum
1357 2711 1504 2784 semper

378 2822 569 2895 Antonius
605 2822 736 2910 latino,
772 2827 886 2915 atque
920 2821 1058 2894 iterum
1100 2822 1329 2895 Laurentius
1369 2823 1503 2916 gallice

378 2957 587 3045 transtulit,
610 2956 665 3029 ita
687 2960 730 3027 ut
752 2955 904 3049 saepius
931 2954 1097 3028 italicam
1118 2956 1279 3030 lormam
1304 2956 1503 3030 nominum
1579 2959 1581 2963 ’

378 3112 581 3185 agnoscere
608 3092 770 3163 arduum
792 3090 841 3162 sit
864 3113 871 3161 :
901 3089 967 3184 qni
987 3096 1098 3184 gente
1121 3115 1137 3160 α
1161 3090 1461 3164 Claromontensi
1483 3116 1501 3162 r

294 3234 296 3238 '
379 3224 563 3297 oriundus
578 3229 671 3314 erat,
685 3247 708 3296 a
724 3223 927 3297 Laurentio
943 3223 1140 3296 dicebatur
1157 3248 1175 3294 u
1188 3223 1477 3297 Cleremontois¹
1493 3248 1502 3320 3

379 3381 499 3453 pagus
514 3359 671 3452 quidam
688 3357 874 3443 Etruriae,
894 3357 1047 3429 nomine
1066 3382 1085 3428 ‹<
1102 3358 1318 3452 Altopascio
1335 3385 1369 3450 r,
1389 3359 1506 3432 tiebat

381 3517 400 3562 «
420 3492 455 3564 gt
473 3493 633 3586 lacques
652 3494 698 3565 de
719 3493 820 3565 Haut
840 3489 936 3565 Pas²
957 3515 991 3563 u.
1015 3491 1099 3564 Non
1118 3498 1246 3566 tamen
1267 3515 1423 3567 causam
1443 3515 1506 3566 cx-

379 3627 520 3721 plicare
538 3628 624 3700 sciit
644 3628 848 3700 translator
869 3648 936 3697 cur
958 3649 973 3695 c
998 3626 1216 3720 Gepparello
1236 3628 1285 3700 da
1305 3629 1417 3700 Prato
1438 3653 1457 3698 r
1483 3651 1507 3700 a

415 3885 423 3920 ¹
446 3887 579 3953 Decem,
597 3887 644 3958 IX,
660 3885 686 3940 l.

416 3975 426 4008 ⁹
445 3976 492 4042 Vl,
509 3975 552 4029 tO.
571 3975 709 4030 Ceterum
726 3975 905 4044 pravissime
930 3976 967 4031 ab
985 3976 1116 4030 Antonio
1132 3976 1278 4030 translata
1291 3989 1361 4029 esse
1383 3976 1507 4031 nomina

381 4067 449 4134 ipsa
463 4066 594 4120 maxime
608 4066 764 4132 divulgata
778 4070 871 4134 patet,
889 4079 959 4119 nam
984 4062 1058 4132 Tito,
1076 4063 1190 4130 Cicero,
1204 4065 1285 4134 apud
1309 4065 1505 4120 Laurentium

380 4155 451 4210 laeti
465 4159 538 4209 sunt
555 4153 641 4207 l'iton
658 4155 702 4221 (X,
724 4152 762 4218 8),
781 4152 890 4207 Cicron
912 4155 970 4222 th,
994 4152 1039 4223 8);
1066 4158 1240 4221 praeterea:
1266 4153 1335 4207 Neri
1349 4171 1380 4196 =
1393 4153 1504 4228 Nerin3

381 4246 489 4300 Forese
503 4260 534 4285 =
549 4243 672 4298 l'ores‘m
686 4258 693 4311 ·,
709 4244 796 4297 Berto
810 4244 839 4296 di
855 4243 938 4298 Maso
952 4263 983 4289 =
997 4243 1083 4297 Berte
1097 4244 1135 4297 de
1150 4243 1259 4297 Massa.
1277 4241 1361 4305 Quod
1376 4243 1413 4296 ad
1429 4243 1506 4298 loeo·

381 4349 447 4389 rum
470 4336 593 4389 nomina
612 4333 730 4401 attinet,
746 4346 845 4401 pauca
857 4333 997 4400 exempla
1012 4333 1088 4387 satis
1112 4337 1220 4386 erunt:
1250 4333 1378 4400 llugello
1392 4355 1423 4377 =
1447 4333 1507 4386 Mu-

381 4425 476 4479 sellon
492 4422 551 4490 (Vl,
569 4422 614 4490 5t3
634 4421 767 4476 Proto:
782 4423 809 4476 le
827 4423 880 4478 Pre
891 4423 945 4487 (V1,
962 4421 1008 4490 7);
1035 4422 1202 4488 Lunigiana
1216 4447 1247 4474 =
1262 4435 1302 4474 un
1319 4428 1434 4476 terroer
1456 4435 1507 4489 ap-

382 4514 450 4583 pele
464 4514 502 4568 de
515 4513 597 4567 Luna
617 4510 648 4573 tl,
666 4511 691 4574 4)
706 4527 712 4580 ;
730 4511 820 4566 Friuli
835 4529 866 4556 =
885 4511 1024 4579 Forgueil
1039 4512 1081 4580 (Χ,
1098 4510 1144 4579 5);
1164 4512 1322 4579 Anguersa
1335 4528 1365 4553 =
1381 4511 1508 4577 Angiers

382 4603 427 4672 (Il,
443 4602 480 4671 8),
497 4606 557 4656 etc.
570 4647 593 4658 ..
