3598 5616
380 505 437 564 106
868 517 959 559 curor
981 517 1020 558 1v.

376 651 476 748 est¹3
511 676 587 727 non
612 658 740 726 tamen
770 652 965 726 Laurentii
999 651 1123 724 lamae
1157 651 1288 724 nocuit
1320 653 1504 725 obseurus

378 788 595 878 translator,
609 792 646 860 et
656 787 880 881 priusquam
893 786 1097 858 Laurentio
1108 785 1386 859 adscriberetur
1401 784 1505 858 illius

376 921 495 1012 labor,
518 921 620 994 tituli
641 920 713 1014 ipsi
729 942 884 1014 operum
905 920 971 992 vix
1000 919 1350 1010 discernebanturi,
1374 920 1428 991 ita
1445 925 1501 1008 ut,

377 1057 502 1128 seeulo
518 1055 599 1146 XV,
617 1055 732 1148 vulgo
757 1053 986 1127 Laurentius
1005 1054 1118 1148 primi
1138 1058 1175 1127 et
1201 1053 1306 1126 unioi
1336 1053 1505 1126 Boreaoii

376 1211 532 1285 operum
562 1175 801 1262 'translatoris
830 1209 1002 1280 nomen,
1020 1188 1101 1261 sine
1126 1189 1205 1266 ulla
1230 1187 1503 1278 controversia,

379 1323 559 1396 obtinuit.

414 1651 419 1684 ¹
445 1652 484 1706 lle
498 1651 666 1720 codicibus
683 1651 751 1705 vide
767 1664 869 1720 supra,
882 1665 910 1719 p.
925 1648 987 1718 loe,
1004 1651 1106 1704 adnot.
1124 1649 1150 1702 2.
1167 1650 1249 1704 Duas
1265 1655 1367 1704 autem
1381 1648 1505 1703 transla-

379 1739 470 1794 tionis
484 1741 636 1794 editiones
653 1741 809 1794 novimus:
837 1754 928 1793 unam
945 1739 1064 1793 scilieet
1079 1739 1117 1793 ab
1140 1739 1270 1792 Antonio
1284 1739 1397 1792 verard
1420 1751 1505 1791 oura-

379 1835 451 1890 tam,
469 1829 549 1900 1193,
573 1831 700 1884 alteram
724 1843 742 1882 a
763 1831 878 1883 Joanne
901 1829 1012 1894 Andre,
1037 1825 1117 1882 1538.
1143 1827 1177 1881 ln
1201 1833 1332 1896 utraque
1362 1827 1506 1896 editione,

377 1919 535 1973 translatio
561 1939 574 1969 a
592 1934 669 1973 nova
689 1937 702 1968 1
726 1919 858 1972 dieitur!
877 1917 984 1972 Seoulo
1001 1917 1062 1970 XVI
1086 1918 1212 1971 alteram
1242 1917 1379 1985 ejusdem
1404 1917 1506 1984 operis

378 2009 610 2064 translationem
637 2009 733 2062 edidit
758 2007 958 2074 lugdunensis
985 2007 1193 2075 typographus
1213 2007 1246 2061 G.
1272 2006 1429 2074 Romilius,
1454 2006 1507 2060 sed

380 2112 437 2152 non
453 2112 469 2151 e
484 2098 578 2151 latina
593 2098 706 2164 lingua,
724 2111 827 2150 verum
842 2111 880 2152 ex
895 2096 997 2151 italica
1012 2096 1222 2165 translatione,
1236 2110 1255 2149 a
1275 2095 1356 2151 Luca
1379 2095 1507 2150 Antonio

380 2187 488 2241 llidolli
505 2188 652 2255 coniecta,
668 2187 858 2252 translatam,
870 2200 949 2240 anno
965 2185 1045 2238 1551.

309 2303 314 2312 ·
415 2277 543 2331 ²lerls
565 2277 645 2331 enim
681 2276 723 2328 Da
749 2274 879 2341 Casibus,
902 2275 1020 2344 gallire,
1042 2275 1149 2329 titulus
1177 2281 1259 2330 erat:
1295 2275 1352 2329 Des
1375 2275 1430 2329 Cas
1458 2276 1508 2330 des

381 2366 486 2420 Nobles
499 2367 630 2419 homones
652 2370 681 2418 et
695 2366 828 2434 femmas.
849 2349 989 2419 Celerum
1014 2365 1164 2419 Antonius
1188 2365 1298 2420 Vtirard
1317 2366 1348 2420 in
1371 2367 1505 2421 editione

380 2455 449 2509 libri
466 2455 501 2508 de
521 2454 564 2508 Cl.
581 2453 654 2508 Mul.
673 2456 748 2508 haee
769 2455 861 2508 verba
878 2455 1002 2522 scripsit
1021 2483 1055 2492 —
1078 2459 1130 2508 aut
1145 2455 1237 2509 scribi
1263 2456 1355 2523 jussit
1372 2486 1401 2494 -
1430 2469 1508 2523 quae

380 2545 464 2600 libris
475 2545 510 2597 de
525 2544 645 2597 Casibus
672 2545 786 2612 optime
810 2544 1004 2611 conveniunt,
1031 2544 1156 2598 minime
1183 2550 1284 2598 autem
1306 2545 1382 2600 libro
1398 2545 1438 2597 De
1463 2545 1507 2598 Cl.

381 2633 455 2688 Mul.
472 2649 477 2687 :
509 2653 521 2683 a
538 2634 579 2688 La
593 2633 633 2687 fin
649 2639 680 2688 et
690 2634 839 2688 intention
853 2634 941 2688 dudit
953 2638 1061 2688 auteur
1083 2639 1130 2687 est
1147 2638 1298 2689 monstrer
1323 2634 1510 2689 l’instabilite'

380 2730 411 2777 et
432 2724 584 2778 variaoion
600 2725 638 2778 de
657 2724 787 2791 fortune,
819 2724 950 2792 laquelle
988 2723 1221 2792 souventesloiS‚
1243 2737 1332 2792 apres
1356 2724 1509 2791 plusieurs

380 2814 510 2879 grandes
526 2813 723 2881 prosperitas,
752 2826 895 2867 renverse
919 2813 1018 2866 l’estet
1033 2813 1087 2867 des
1110 2812 1250 2867 humains
1265 2819 1296 2867 et
1319 2813 1446 2880 pariond
1470 2814 1508 2867 do

381 2902 714 2966 miserablelnielieite,
730 2907 761 2955 et
783 2903 824 2955 du
849 2901 1009 2967 contraire,
1033 2915 1123 2969 apres
1148 2901 1302 2972 plusieurs
1327 2902 1506 2971 adversiteS,

380 2991 436 3044 elle
453 2981 577 3045 restitue
592 2993 637 3045 les
654 2991 777 3045 mortels
790 2991 894 3044 vivans
912 3005 948 3044 en
965 2990 1033 3058 plus
1056 2991 1170 3056 grande
1188 2991 1361 3059 prosperita
1376 3005 1435 3059 que
1458 2993 1509 3044 de·

380 3085 460 3133 vant.
484 3098 496 3131 r
514 3081 561 3135 Sic
577 3081 708 3147 loquitur
724 3082 756 3132 Α.
773 3081 894 3148 veram,
909 3080 939 3132 in
955 3079 1087 3147 epistula
1099 3080 1135 3132 ad
1153 3096 1165 3130 r
1181 3080 1412 3134 Madamellnne
1425 3080 1508 3136 roine

330 3191 332 3197 ·
381 3170 419 3224 de
437 3171 549 3224 Franoe
570 3188 583 3219 u
607 3170 709 3238 missa,
733 3183 795 3238 qua
818 3169 1059 3236 translationem,
1077 3174 1110 3221 nt
1134 3183 1232 3235 suam,
1257 3169 1395 3238 dicabat3
1424 3170 1509 3224 addit

380 3260 462 3313 enim
480 3275 485 3312 :
505 3277 517 3312 ι
533 3261 576 3328 Je,
595 3259 725 3328 quisuis
741 3263 841 3312 vostre
855 3265 917 3312 tres
938 3259 1061 3312 humble
1076 3263 1106 3312 et
1121 3258 1280 3312 obeissant
1303 3260 1406 3329 sujet,.
1419 3303 1443 3315 ..
1471 3274 1508 3328 ay
1544 3291 1553 3308 .

380 3363 399 3402 a
411 3349 548 3403 eurieulx
565 3349 679 3418 plaisir,
694 3363 771 3416 pour
785 3363 860 3403 vous
874 3348 992 3402 donner
1006 3347 1137 3416 quelque
1160 3349 1329 3403 recreation
1350 3354 1381 3403 et
1405 3363 1510 3417 passe·

382 3442 480 3506 temps
493 3443 579 3491 entre
593 3451 645 3492 vos
655 3438 842 3492 sollieitudes
854 3437 1062 3506 temporelles‚
1078 3438 1223 3492 translate
1236 3437 1275 3492 de
1286 3438 1360 3492 latin
1376 3452 1414 3493 en
1431 3439 1509 3492 iran-

382 3527 447 3591 oois
463 3527 490 3581 le
507 3526 580 3581 livre
595 3528 636 3580 du
652 3532 714 3580 tres
730 3526 882 3580 excellent
906 3527 1016 3594 poethe
1030 3526 1124 3580 iehan
1148 3526 1287 3596 Berressa,
1310 3541 1365 3595 par
1392 3528 1445 3580 lui·
1457 3526 1510 3580 iait

382 3616 437 3670 des
449 3620 552 3670 vertus
567 3620 598 3671 et
614 3616 770 3684 louanges‚
787 3615 922 3684 fortuitos
938 3619 967 3667 et
980 3613 1144 3682 infeliciter
1165 3615 1220 3670 des
1237 3617 1344 3670 nobles
1358 3621 1390 3670 et
1412 3617 1510 3670 oleres

383 3705 500 3759 dames.
524 3723 536 3756 u
610 3720 612 3723 ’
