3598 5616
788 549 878 591 olrur
899 549 940 589 1v.
1369 535 1427 596 103

301 699 361 749 sos
381 699 529 772 semper
547 699 842 752 commemorare
862 675 1009 767 soleret,
1025 701 1160 772 parum
1175 681 1353 755 credibile
1368 683 1429 756 ui-

300 811 411 883 detur
429 833 531 903 eum,
559 812 590 884 si
616 812 757 885 librum
776 833 927 905 quoque
952 810 1014 884 De
1044 810 1168 886 Gloria
1194 811 1428 888 Melioribus

302 945 578 1035 transtulisset,
619 945 723 1018 omni
756 945 897 1017 laboris
925 945 1037 1018 istius
1074 947 1266 1022 mentione
1303 950 1429 1023 absti-

303 1079 468 1153 nuisse¹.

351 1213 624 1287 Verumtamen
644 1216 739 1287 haec
758 1218 987 1307 argumenta
1012 1214 1062 1306 ab
1081 1220 1240 1288 externa
1260 1217 1431 1290 transla-
1453 1193 1456 1200 ’

302 1347 417 1420 tionis
436 1347 750 1437 consideratione,
769 1351 813 1418 ut
832 1346 886 1419 ita
900 1347 1115 1440 loquamur,
1134 1352 1309 1441 prompta
1324 1354 1428 1440 sunt,

303 1503 380 1553 non
394 1482 443 1554 ab
473 1482 554 1576 ipso
584 1503 708 1575 opere,
742 1481 845 1574 quod
871 1502 974 1553 nunc
1002 1481 1219 1554 accuratius
1245 1481 1430 1576 inspicere

301 1615 466 1708 juvabit.
1496 1715 1498 1720 Ι

352 1749 559 1843 Diligenter
586 1749 732 1823 collatis
752 1749 946 1823 codicibus
969 1773 1065 1843 quos
1085 1751 1125 1821 in
1155 1756 1333 1844 promptu
1354 1751 1432 1823 ha-

302 1883 470 1974 buimus,
506 1890 581 1956 tres
608 1883 779 1977 ejusdam
812 1884 1075 1957 translationis
1110 1884 1253 1956 formas
1282 1889 1432 1956 exstare

302 2018 564 2111 cognovimus,
583 2040 680 2111 quas
695 2017 832 2090 litteris
853 2018 899 2107 A,
918 2018 947 2087 B
967 2022 1004 2090 et
1023 2019 1050 2089 G
1071 2018 1348 2091 indicabimus:

351 2152 459 2246 Α(Β.
483 2152 527 2223 Ν.
566 2152 612 2222 lr.
639 2151 710 2224 598
744 2156 781 2224 et
801 2151 944 2244 luceo,
982 2137 1097 2225 Brun.
1124 2151 1237 2245 9509)
1265 2152 1428 2245 primam

303 2285 565 2358 translationis
576 2286 751 2376 formam,
762 2307 863 2358 anno
879 2285 996 2357 MCDl
1011 2286 1241 2376 absolutam,
1253 2286 1407 2379 praebet
1420 2309 1429 2378 3

352 2420 461 2514 B(B.
485 2419 530 2490 N.
558 2420 603 2490 lr.
628 2419 712 2510 133,
736 2419 808 2494 599
827 2413 865 2492 e't
884 2419 996 2514 1120)
1026 2419 1124 2490 nihil
1139 2419 1244 2492 aliud
1270 2424 1327 2491 est
1354 2419 1430 2491 nisi

301 2554 412 2627 lectio
433 2553 672 2626 A'erroribus
692 2551 836 2643 multis,
856 2553 1003 2626 mendis
1023 2558 1061 2626 et
1079 2553 1351 2626 omissionibus
1365 2553 1429 2625 de-

301 2694 484 2783 pravata,
588 2722 590 2726 >

349 2823 376 2895 C
398 2823 456 2918 (B.
479 2822 523 2894 N.
542 2823 587 2893 lr.
612 2822 732 2914 5037,
754 2821 918 2896 Vindob.
942 2822 1080 2916 ababa
1104 2822 1262 2894 Antonii
1282 2823 1426 2895 Vdrard

299 2957 427 3047 editio,
460 2955 585 3048 1493),
608 2955 896 3028 translationem
916 2956 949 3027 Α
977 2957 1126 3048 repetit,
1149 2956 1215 3028 sed
1239 2957 1426 3029 emenda-

300 3095 389 3163 tam·
406 3096 443 3162 et
466 3089 635 3179 omnino,
650 3063 887 3182 *praesertim
920 3089 960 3162 in
994 3088 1128 3161 ultima
1152 3089 1276 3182 operis
1305 3095 1426 3183 parte,

298 3228 536 3313 renovatam,
559 3222 760 3316 diligenter
780 3223 951 3316 inspecta
970 3222 1091 3295 latina
1111 3222 1282 3296 Boccacii
1302 3224 1428 3318 scrip-

299 3363 399 3430 tura.

347 3493 400 3565 De
419 3491 579 3564 lectione
605 3490 634 3561 B
667 3490 765 3562 nihil
797 3486 1002 3562 dicendum
1031 3497 1108 3584 est;
1139 3490 1178 3562 in
1195 3513 1240 3563 ea
1264 3491 1427 3585 alicujus

298 3604 546 3700 amanuensis
561 3624 818 3718 imprudentia
844 3630 996 3696 tantum
1016 3625 1240 3697 ostenditur.
1273 3624 1427 3698 Lectio-

299 3759 429 3833 nemC
449 3763 577 3831 autem
598 3757 803 3830 Laurentio
824 3757 981 3830 minime
1011 3758 1302 3831 adscribendam
1331 3780 1426 3831 cen-

299 3916 439 3985 semus
457 3915 548 3966 nam
567 3913 644 3964 non
666 3913 709 3963 eo
734 3892 846 3964 modo
870 3891 979 3963 illum
1004 3891 1120 3985 priori
1151 3891 1335 3983 librorum
1368 3891 1425 3964 De

301 4023 460 4105 Casibus
479 4024 721 4099 translationi
736 4024 997 4097 emendandae
1008 4024 1221 4098 accinctum
1236 4047 1317 4098 esse
1328 4025 1426 4097 vidi-

334 4322 341 4356 ¹
365 4322 402 4378 A.
421 4321 532 4390 Hortis,
549 4318 648 4389 studi,
665 4336 694 4389 p.
710 4319 774 4387 ola,
788 4320 891 4374 adnot.

334 4409 345 4444 ²
363 4411 448 4466 lllius
461 4409 576 4465 codicis
591 4423 690 4478 pauca
704 4410 797 4464 verbe
811 4409 937 4478 protulit
949 4410 981 4462 A.
991 4408 1102 4478 llortis,
1113 4406 1208 4476 pdlS,
1223 4408 1337 4477 adnot,
1348 4421 1426 4475 quae

298 4501 373 4555 satis
388 4500 470 4555 clare
487 4514 557 4555 eum
573 4499 622 4552 hic
637 4499 858 4552 numerandum
880 4512 950 4552 esse
969 4498 1187 4552 demonstrant.
1203 4496 1346 4552 Codicum
1361 4498 1426 4552 lon·

299 4589 484 4644 diniensium
498 4589 612 4642 nullam
628 4588 824 4643 collationem
839 4588 1010 4643 habuimus
1383 4591 1387 4602 '
