3598 5616
382 518 420 576 92
862 534 954 578 clvur
976 537 1017 578 ur.

430 671 629 744 Praeterea
644 670 684 744 in
699 672 831 744 eodem
846 671 972 744 codice
992 670 1231 744 desideratur
1255 671 1412 765 stropha
1430 694 1510 746 una

380 803 561 878 carminis
593 805 744 895 decimi,
775 826 928 878 carmen
959 810 1138 878 octavum
1164 809 1288 878 tolum
1324 805 1509 879 omissum

380 944 449 1027 esi,
473 937 722 1032 simulatque
748 943 905 1011 ociavae
930 938 1083 1011 decadis
1102 938 1295 1011 conclusio
1314 942 1352 1012 el
1384 961 1508 1014 nonae

382 1071 534 1144 initium
548 1072 555 1115 ¹
571 1094 581 1166 3
598 1071 735 1144 ultima
745 1071 909 1165 denique
917 1076 1074 1144 octavae
1089 1071 1242 1145 decadis
1257 1073 1408 1144 novella
1415 1073 1510 1145 adeo

381 1209 551 1278 coartata
565 1210 622 1278 esi
643 1209 686 1277 ui
719 1203 934 1278 aBoccaeii
953 1205 1172 1278 narratione
1197 1205 1407 1300 plurimum
1434 1205 1511 1278 dis-

381 1335 542 1431 crepeti.
566 1338 642 1411 Cur
660 1339 755 1411 haec
778 1337 909 1410 fabula
935 1336 1068 1411 scribis
1088 1337 1325 1431 displicuerit
1356 1338 1511 1432 ignora-

383 1494 487 1565 mus3
518 1472 583 1544 sed
603 1470 760 1544 omnino
779 1470 922 1544 omissa
940 1476 997 1545 esi
1012 1471 1053 1544 iu
1073 1471 1300 1563 aliooodice‚
1314 1473 1368 1544 ita
1378 1477 1509 1545 tamen

381 1610 424 1678 ui
443 1606 553 1700 plura
572 1605 663 1677 lolia
683 1626 818 1695 vacua,
849 1604 931 1699 ejus
951 1606 1045 1696 loco,
1067 1604 1247 1678 librarius
1275 1599 1506 1699 reliquerii³.

382 1739 480 1826 Quid
506 1739 646 1810 mirum
667 1738 699 1810 si
715 1739 839 1811 locum
857 1761 1023 1812 vacnum
1039 1761 1127 1811 mox
1144 1738 1244 1812 alius
1263 1737 1510 1814 amanuensis
1552 1773 1559 1786 ·

382 1872 555 1966 supplere
575 1872 710 1962 voluit,
727 1873 899 1966 qualibet
917 1872 1092 1967 proxima
1106 1872 1238 1945 fabula
1253 1895 1360 1962 usus,
1379 1872 1510 1967 inepta

381 2011 419 2079 et
444 2004 692 2079 inurbanalt
721 2005 782 2078 An
801 2005 894 2100 quid
924 2007 971 2078 ob
1000 2026 1084 2078 eam
1117 2028 1273 2079 causam
1303 2005 1509 2079 Laurentio

381 2139 532 2212 crimini
548 2139 631 2212 dari
651 2139 801 2233 polesot

429 2272 558 2367 Neque
572 2294 617 2345 ea
646 2273 727 2344 sola
757 2274 899 2345 damna
924 2272 1227 2367 translaticiam
1257 2293 1371 2366 passe
1400 2277 1506 2344 erat:

382 2407 512 2480 omnia
539 2406 642 2479 enim
672 2406 857 2497 carmina,
888 2411 1038 2500 praeter
1056 2407 1223 2501 primum
1245 2411 1283 2478 ei
1311 2409 1507 2500 quartum,

381 2702 517 2771 s'ensuvt
545 2702 582 2756 de
607 2702 636 2755 la
655 2704 818 2756 constance
850 2704 882 2755 et
910 2701 1048 2769 patience
1073 2701 1286 2756 merveilleuse
1310 2701 1399 2756 d’une
1418 2701 1507 2768 ieme,

381 2793 512 2862 laquelle
535 2791 661 2846 histoire
687 2790 833 2845 lranslata
856 2790 894 2844 de
921 2791 1052 2845 tombart
1075 2804 1111 2846 en
1136 2791 1210 2844 talin
1237 2805 1277 2845 un
1298 2796 1361 2845 tres
1386 2791 1510 2845 vaillant

382 2888 470 2951 poete
486 2881 537 2952 qui
558 2881 604 2935 iul
628 2879 747 2948 appelle
771 2879 914 2945 Francois
936 2878 1092 2950 Petrarclr,
1115 2880 1189 2934 dont
1210 2880 1285 2934 Dieu
1311 2881 1354 2934 ail
1374 2881 1471 2935 l'ame.
1494 2899 1507 2930 »

382 2973 476 3040 Hujus
495 2969 703 3025 translationis
731 2974 799 3024 octo
827 2968 977 3023 editiones
1004 2974 1152 3024 memorat
1173 2970 1293 3024 Brunel.
1324 2969 1393 3022 Alia
1416 2969 1508 3024 etiarn

382 3062 518 3130 eiusdem
535 3060 655 3114 fabulae
669 3058 778 3126 gallica
793 3059 961 3128 lucusiano,
985 3059 1151 3127 paullulum
1166 3059 1295 3129 diversa,
1312 3059 1464 3114 invenitur
1478 3057 1508 3112 in

381 3149 537 3205 codicibus
551 3148 586 3202 tr.
602 3145 683 3216 trec,
699 3146 780 3216 dact,
798 3149 904 3202 llrsen.
920 3145 991 3201 2687
1005 3152 1036 3201 et
1048 3145 1129 3201 4655.

419 3241 424 3272 ¹
447 3239 529 3293 Inler
557 3237 693 3291 ultimam
723 3242 849 3292 octavae
873 3235 999 3291 decadis
1022 3237 1173 3292 novellam
1197 3242 1228 3292 el
1255 3237 1385 3306 primam
1412 3252 1509 3294 nonae

382 3329 455 3382 nihil
473 3327 503 3381 in
519 3328 577 3382 hoc
591 3326 696 3381 codice
719 3325 901 3393 invenimus,
920 3339 977 3380 nec
998 3331 1098 3380 tamen
1119 3327 1214 3381 ullum
1244 3326 1347 3381 lolium
1369 3327 1507 3382 avulsum

381 3431 450 3474 esse
465 3421 594 3472 constat.

416 3507 427 3542 ²
449 3509 577 3574 ticcam,
592 3504 665 3574 vttt,
686 3504 739 3574 103
766 3505 841 3559 haec
861 3511 933 3560 sunt
952 3505 1059 3561 ultima
1075 3506 1166 3560 verba
1186 3507 1324 3562 novettae
1338 3507 1506 3562 secundum

381 3597 542 3652 lectionem
557 3595 672 3651 codicis
686 3595 719 3648 tr.
734 3593 841 3658 239111
857 3596 944 3650 codd.
959 3595 994 3650 ir.
1018 3593 1071 3650 129
1086 3601 1116 3650 et
1135 3597 1201 3652 Ars.
1218 3594 1290 3650 5070
1302 3601 1419 3651 tanturn
1435 3597 1508 3650 inle-

381 3701 435 3754 gra
448 3685 586 3754 legiturl:
605 3705 617 3735 1
634 3684 695 3739 elle
708 3685 822 3740 double
835 3690 915 3740 estre
937 3689 1083 3754 trompee,
1106 3691 1138 3739 et
1151 3700 1189 3740 en
1205 3699 1259 3754 soy
1282 3685 1509 3740 esmerveiliaul

380 3776 430 3832 tisl
441 3778 524 3831 lever
535 3777 578 3830 les
594 3788 730 3830 servares
744 3779 775 3828 et
789 3784 895 3829 trouva
908 3775 954 3829 tes
970 3775 1129 3830 bouteitles
1143 3774 1261 3843 pleines
1276 3775 1382 3830 d’eaue
1395 3776 1433 3829 de
1443 3787 1508 3829 mer

380 3871 411 3922 el
434 3881 473 3920 un
495 3880 553 3935 pen
568 3865 668 3919 d’uille
684 3879 738 3932 par
762 3864 883 3932 dessuS,
912 3868 942 3917 et
968 3864 1012 3918 les
1037 3865 1124 3919 hales
1140 3865 1261 3932 pleines
1275 3865 1461 3939 d’estoupes,
1477 3869 1509 3919 et

381 3956 459 4010 briei
469 3971 528 4026 que
543 3959 607 4009 tout
621 3968 656 4008 ce
672 3953 745 4022 qu'il
757 3953 838 4007 avoit
852 3952 956 4007 laissie
970 3967 1008 4006 ne
1022 3953 1114 4007 valoil
1128 3968 1184 4021 pas
1203 3954 1283 4028 deux
1297 3967 1370 4008 cens
1385 3954 1502 4008 ilarius,

381 4045 414 4100 Et
430 4045 506 4099 ainsi
532 4049 638 4098 trouva
660 4057 720 4111 que
742 4042 870 4096 aulcuns
898 4047 1002 4097 autres
1021 4043 1159 4097 savoient
1178 4043 1260 4097 aussi
1283 4043 1353 4097 bien
1375 4048 1508 4112 tromper

380 4149 497 4190 comme
512 4134 579 4188 elle.
603 4151 616 4180 »

415 4223 510 4277 ³Bib.
543 4223 612 4276 Nat.
640 4221 677 4274 ir.
703 4219 787 4288 ttae,
815 4220 865 4288 qui
889 4220 1014 4274 loannis
1038 4220 1261 4276 Aurelianensis
1286 4221 1340 4275 luit
1365 4220 1508 4290 (Dupcul·

380 4313 504 4376 Fontes,
521 4327 565 4381 op.
583 4311 645 4378 cil,
663 4325 692 4378 p.
710 4308 765 4372 59).

418 4400 596 4456 4Β111.1131.
620 4399 654 4452 ir.
678 4397 741 4468 alc,
765 4412 854 4466 quem
874 4412 892 4452 a
915 4399 1021 4454 codice
1035 4399 1069 4452 tr.
1096 4398 1167 4454 1122
1193 4399 1408 4468 transcriptum
1439 4413 1507 4454 esse

379 4496 515 4558 constal3
543 4495 679 4544 ceterum
711 4488 741 4542 in
769 4487 826 4542 hoc
849 4489 1089 4556 descriptionem
1122 4491 1219 4557 pestis
1253 4488 1421 4544 desiderari
1450 4486 1508 4544 hoc

379 4581 470 4635 habel
484 4593 594 4634 causae
609 4576 688 4646 quod
704 4578 791 4646 plura
804 4576 877 4631 folia
892 4577 922 4630 in
938 4577 1087 4646 principio
1103 4579 1209 4632 avulsa
1223 4583 1303 4633 sunl.
1321 4651 1325 4660 Δ
