3568 5620
785 538 879 586 carun
898 540 930 582 11.
1380 524 1419 606 39

344 677 397 749 De
424 675 547 770 priore
576 674 826 748 translatione
856 695 979 769 pauca
1006 674 1169 747 dicenda
1195 695 1277 747 esse
1304 675 1419 753 ¹arbi-

294 814 441 883 tramur
472 833 480 881 :
511 808 741 882 Laurentius
774 811 926 902 accepto
954 807 1123 881 Boccacii
1155 809 1350 882 volumine
1381 814 1419 885 et

294 948 384 1017 ante
415 944 543 1018 oculos
567 943 705 1038 posito,
734 942 899 1016 fideliter
921 943 1082 1016 verbum
1111 942 1266 1016 reddere
1303 944 1420 1018 verbo

221 1047 225 1054 ’
294 1079 428 1173 coepit,
458 1078 617 1151 atitulo
643 1099 764 1172 usque
792 1077 841 1149 ad
869 1076 1046 1150 ultimam
1065 1077 1189 1170 operis
1212 1077 1416 1151 litteraml.

294 1213 377 1286 Nou
406 1235 502 1308 opus
529 1217 587 1286 est
613 1233 717 1286 nunc
748 1212 1007 1285 demonstrare
1036 1211 1194 1304 inquot
1219 1217 1422 1306 etquanta

202 1337 206 1343 ’
294 1347 390 1421 vitia
424 1347 596 1420 incurrat
638 1345 857 1440 quicunque
890 1367 935 1418 ea
979 1344 1234 1419 transterendi
1274 1347 1421 1421 ratione

293 1481 415 1554 utitur
437 1505 444 1553 :
467 1481 667 1576 imperitus
686 1481 813 1553 adhuc
827 1484 908 1552 erat
927 1479 1156 1552 Laurentius
1175 1485 1316 1571 noster,
1334 1504 1421 1555 cum

294 1616 460 1711 primum
485 1638 601 1710 grave
630 1615 868 1688 translatoris
896 1613 1066 1687 ollicium
1094 1620 1326 1710 assumeret;
1353 1626 1423 1690 nec

294 1751 566 1824 vocabulorum
606 1749 727 1844 copia,
768 1749 1010 1844 proprietate,
1053 1749 1238 1822 varietate
1275 1755 1424 1844 poterat

294 1907 380 1957 cum
409 1885 494 1978 ipsa
523 1882 693 1957 Boccacii
725 1882 846 1956 latina
878 1882 1011 1976 lingua
1035 1925 1082 1934 —
1111 1883 1224 1956 inerti
1258 1877 1349 1958 sane
1387 1889 1424 1958 et

293 2041 430 2114 parum
452 2018 651 2092 limata-
674 2017 864 2112 congredi,
890 2039 1012 2111 neque
1036 2017 1101 2090 illa
1128 2018 1317 2092 scribendi
1342 2025 1423 2093 arte

295 2175 394 2247 quae
406 2152 621 2247 'requiritur
639 2152 772 2246 utique
787 2174 874 2224 cum
898 2150 1101 2245 cujuslibet
1119 2151 1311 2246 scriptoris
1331 2175 1425 2227 sen-

293 2287 434 2360 tentiae
467 2286 678 2382 perspicue,
711 2285 933 2379 simpliciter
959 2290 997 2358 et
1024 2286 1217 2380 eleganter
1244 2287 1284 2359 in
1307 2288 1423 2361 aliam

294 2421 466 2516 linguam
494 2421 770 2495 convertendae
800 2425 902 2493 sunt.
934 2420 1118 2493 Gallicam
1154 2420 1320 2515 prolecto
1347 2423 1424 2496 lin-

291 2578 407 2651 guam
427 2560 519 2629 lunc
538 2577 608 2629 nee
622 2556 781 2629 docilem
797 2577 865 2628 nec
885 2555 1108 2649 locupletem
1125 2555 1241 2628 luisse
1261 2578 1331 2629 nos
1345 2580 1422 2648 non

292 2690 412 2785 iugit3
435 2690 499 2763 sed
519 2669 673 2784 propria
693 2694 783 2761 sunt
796 2688 992 2762 Laurentii
1005 2688 1101 2761 vitia
1114 2689 1316 2783 quaedam,
1340 2690 1422 2785 ejus

238 2831 240 2836 '
292 2823 571 2920 imprudentiae
591 2828 742 2896 tantum
763 2822 1026 2911 adscribenda,
1044 2843 1141 2916 quae
1169 2822 1279 2896 facile
1299 2824 1421 2898 vitare

290 2963 428 3052 posset.
466 2931 694 3030 Universum
726 2956 870 3050 periodi
900 2955 1085 3050 cujusque
1125 2976 1279 3030 sensum
1316 2979 1421 3030 com-

291 3090 403 3184 plecti
429 3111 506 3162 non
535 3089 628 3162 satis
647 3091 819 3179 curabat,
854 3111 942 3162 cum
975 3094 1078 3184 totus
1107 3090 1268 3184 singulis
1292 3091 1420 3164 verbis

290 3224 563 3297 transferendis
603 3224 828 3314 attenderet,
867 3222 1026 3296 viatoris
1064 3224 1185 3298 instar
1225 3225 1291 3319 qui
1326 3226 1417 3298 dum

242 3419 244 3422 .
289 3358 452 3431 nimium
466 3357 668 3452 diligenter
687 3362 776 3431 ante
794 3357 909 3451 pedes
920 3357 1104 3449 intuetur,
1118 3358 1417 3454 quotiescunque
1528 3457 1533 3466 ¹

284 3675 327 3742 'ad
342 3689 444 3744 alcuni
459 3688 557 3744 codici
572 3689 653 3744 delle
681 3689 814 3744 seconde
836 3688 986 3744 versione.
1010 3707 1022 3740 »
1039 3688 1163 3744 Nullum
1178 3689 1307 3744 similem
1336 3692 1416 3746 codi-

289 3792 356 3834 cem
371 3779 506 3833 invenire
522 3778 594 3840 mihi
609 3779 745 3847 contigit.

326 3870 332 3902 ¹
355 3869 397 3923 De
412 3867 498 3922 titulo
513 3868 622 3936 prioris
635 3868 843 3923 translationis
859 3881 956 3936 pauca
969 3868 1160 3922 observanda
1174 3872 1255 3922 sunt.
1278 3870 1311 3924 ln
1326 3871 1414 3926 codd.

289 3956 389 4012 free?
404 3955 537 4012 et24289
563 3957 692 4026 legitur:
719 3957 776 4011 Des
802 3973 851 4010 cas
879 3956 929 4010 des
956 3957 1056 4010 nobles
1086 3957 1216 4011 hommes
1242 3962 1270 4010 et
1291 3953 1415 4028 feminee

288 4047 392 4114 (latine
408 4047 489 4101 enim
501 4046 681 4101 Laurentius
692 4047 737 4102 sio
753 4046 888 4101 Boccaeii
901 4046 995 4100 libros
1010 4046 1225 4115 nuncupabat:
1240 4047 1283 4100 De
1301 4047 1415 4102 casibus

288 4135 422 4190 virorum
437 4139 466 4188 et
479 4135 644 4189 mulierum
665 4135 834 4190 illustrium
850 4151 858 4202 ;
879 4135 948 4190 vide
962 4149 1064 4204 supra,
1080 4150 1110 4205 p.
1126 4135 1170 4205 24,
1187 4141 1217 4190 et
1237 4137 1410 4206 inscriptio-

290 4240 358 4281 nem
373 4225 487 4280 codicis
502 4225 611 4280 Mazar.
628 4224 730 4293 3880);
746 4225 776 4278 in
798 4225 903 4280 codice
926 4225 960 4278 sn
978 4224 1030 4278 132
1052 4231 1153 4280 tamen
1176 4225 1269 4280 alium
1292 4227 1412 4282 titulum

283 4315 479 4370 invenimus:
505 4314 553 4368 Du
567 4313 685 4369 decbiet
700 4315 750 4368 des
771 4314 871 4368 nobles
896 4315 1036 4382 horumce,
1052 4315 1104 4382 qui
1124 4315 1216 4382 prisci
1243 4316 1332 4385 tituli,
1359 4331 1415 4385 per

288 4405 541 4474 emendationem,
558 4404 657 4459 locum
673 4405 793 4459 videtur
813 4405 995 4473 sumpsisse,
1018 4404 1093 4458 etin
1112 4403 1276 4459 editionem
1304 4405 1413 4472 lugdu-

290 4509 415 4550 nensem
444 4491 536 4561 (4483)
564 4495 796 4562 commigravit3
826 4494 991 4562 Brugensis
1013 4493 1105 4548 editio
1127 4498 1233 4548 contra
1246 4493 1338 4564 (1476)
1353 4494 1413 4550 alio

288 4585 380 4640 etiam
396 4585 485 4639 modo
499 4583 694 4638 inscribitur:
711 4583 754 4658 De
769 4585 798 4636 la
813 4599 920 4653 cuque.
932 4625 956 4637 ..
