3598 5616
763 555 857 604 aanor
874 563 917 604 111.
1367 548 1407 607 95

280 698 320 770 in
347 697 559 771 sacerdotes
589 701 627 769 et
659 697 865 769 monachos
893 697 1086 791 improbos
1103 697 1128 769 ¹.
1163 699 1276 771 Medii
1311 699 1408 772 Aevi

280 831 479 925 opiniones
494 836 531 903 et
551 831 753 903 asceticam
774 829 987 903 doctrinam
1008 830 1152 904 torvide
1167 832 1406 924 defendabat,

280 965 396 1038 etiam
416 965 517 1059 quod
547 966 595 1037 ad
615 965 793 1037 mulieres
820 965 992 1056 attinetl,
1015 966 1081 1059 qui
1101 987 1144 1038 eo
1173 967 1284 1038 modo
1309 965 1410 1039 Boc-

281 1099 375 1172 cacii
396 1121 491 1193 opus
516 1099 787 1193 interpretatus
810 1104 880 1189 est,
898 1099 1040 1172 librum
1071 1101 1213 1173 scilicet
1242 1101 1408 1174 maxime

282 1233 395 1306 Medii
415 1233 511 1306 Aevi
532 1233 776 1327 opinionibus
796 1232 984 1305 alienum!

332 1367 531 1439 Praeterea
549 1366 752 1438 dimidium
772 1367 848 1438 tere
867 1368 954 1439 libri
971 1368 1166 1442 sublatum
1181 1375 1257 1443 est:
1281 1392 1410 1464 prooe-

283 1501 403 1572 mium
419 1499 601 1600 Boccacii,
623 1500 740 1594 pestis
755 1500 970 1596 descriptio
989 1507 1147 1596 quartae
1166 1504 1318 1577 decadis
1338 1504 1410 1575 ini-

203 1675 207 1681 ·
283 1635 379 1707 tium
400 1634 546 1728 (inquo
565 1635 703 1706 acriter
722 1634 881 1727 scriptor
900 1641 1032 1708 contra
1052 1637 1202 1709 invidos
1217 1639 1410 1711 detrecta-

283 1774 382 1841 tores
401 1791 468 1863 prc
488 1790 569 1840 sese
588 1768 710 1862 dicit),
733 1790 800 1840 sex
819 1770 1003 1862 carmina,
1030 1772 1153 1843 multa
1173 1772 1249 1844 alia
1268 1773 1410 1844 omissa

285 1907 398 1996 sunt3
422 1903 549 1974 sedne
570 1902 610 1973 in
625 1901 795 1996 quinque
810 1903 1046 1976 carminibus
1060 1905 1214 1998 quidem
1230 1928 1328 2000 quae
1344 1929 1408 1978 su-

285 2042 442 2131 persunt
466 2059 586 2108 unum
607 2038 767 2109 verbum
794 2037 977 2130 reperires
998 2039 1099 2132 quod
1124 2062 1147 2111 a
1175 2041 1410 2113 carminibus

284 2168 453 2245 Boccaci'i
474 2176 543 2244 aut
570 2171 803 2244 abaurentii
832 2172 987 2244 metrica
1012 2174 1261 2247 translatione
1281 2197 1412 2268 sump-

285 2310 367 2377 tum
383 2306 443 2378 sit.
1263 2303 1266 2312 ’

335 2441 502 2513 Fabulae
540 2441 643 2534 ipsae
677 2447 884 2531 coartatae,
926 2441 1147 2534 mutilatae,
1189 2444 1411 2515 emendatae

287 2580 390 2664 sunt,
405 2582 604 2668 nunquam
620 2580 749 2647 tamen
759 2598 834 2669 quo
849 2574 1001 2648 fidelius
1018 2598 1126 2670 apua,
1144 2577 1275 2649 relicta
1290 2583 1413 2650 traus-

286 2709 441 2800 latione‚
464 2709 683 2782 redderetur
697 2707 722 2780 ³.
741 2709 832 2781 Tres
852 2714 1002 2782 tantum
1027 2710 1265 2782 narrationes
1290 2733 1411 2783 novae

322 3005 331 3038 ¹
353 3005 557 3060 Periculosum
577 3010 627 3059 est
641 3019 710 3059 cum
724 3003 844 3059 clericis
857 3005 1095 3058 consuetudines
1109 3004 1208 3058 tacere
1224 3003 1264 3073 (se
1277 3004 1413 3058 ocoioter

288 3109 326 3147 ec
339 3110 372 3147 so
384 3093 521 3164 maison),
538 3095 650 3162 quibus
666 3114 679 3144 «
697 3095 725 3148 le
740 3093 841 3148 diable
864 3091 1009 3161 enseigbe
1024 3093 1079 3147 des
1099 3095 1250 3148 manieres
1275 3095 1415 3150 subtilles

288 3183 326 3236 de
342 3184 465 3251 pechier
477 3189 508 3238 et
522 3184 641 3239 couvrir
655 3185 721 3238 leur
734 3183 929 3237 deshouneur
947 3198 979 3251 »;
999 3199 1011 3234 <r
1029 3183 1066 3236 ils
1080 3188 1132 3237 ont
1147 3184 1203 3237 des
1213 3185 1414 3252 temptacions

289 3274 326 3327 de
341 3273 490 3342 l'ennemy
500 3287 634 3328 aucunes
652 3272 710 3327 loiz
722 3273 791 3340 plus
803 3287 862 3340 que
873 3273 961 3327 caulx
976 3273 1015 3325 du
1031 3274 1151 3327 monde.
1166 3286 1179 3322 η
1196 3274 1279 3343 (Vide
1296 3275 1413 3328 Decem.

288 3364 410 3431 Veram,
428 3362 472 3431 lx,
489 3361 541 3431 103
557 3361 607 3432 Ill,
622 3361 674 3431 ‘lO;
690 3362 740 3430 ΙΙΙ,
756 3361 782 3428 Ι,
801 3367 863 3416 ete.
875 3406 880 3417 .
893 3370 914 3433 .)

324 3451 335 3486 ²
355 3472 369 3502 a
390 3452 469 3506 C'est
482 3467 522 3506 un
539 3457 600 3506 tres
616 3457 704 3518 grant
724 3452 850 3518 dangier
864 3465 923 3519 que
938 3452 976 3506 de
991 3465 1048 3520 soy
1072 3452 1183 3506 abuser
1197 3454 1235 3507 de
1251 3453 1280 3507 la
1295 3454 1415 3507 beaulte

290 3542 379 3596 d’une
394 3542 515 3610 lemme,
531 3545 587 3596 car
598 3546 664 3596 tout
678 3542 738 3595 mal
754 3555 791 3594 θη
808 3546 902 3595 sourt.
926 3559 939 3590 η
957 3541 1003 3609 (ΙΙ,
1020 3539 1058 3602 7.)

325 3629 336 3662 ³
354 3631 392 3685 Ut
406 3632 547 3699 exemplo
563 3635 694 3700 utamur,
711 3631 814 3685 videre
826 3631 912 3697 juvat
933 3629 1006 3699 quid
1020 3630 1057 3684 de
1073 3631 1215 3684 Simonae
1242 3631 1353 3697 fabula,
1369 3648 1416 3687 su-

291 3733 345 3789 pra
359 3721 478 3789 integra
493 3722 620 3790 prolata,
635 3721 748 3776 sactum
763 3721 821 3774 sit:
848 3721 948 3787 puella
963 3733 1023 3773 nou
1039 3718 1193 3788 Simeone,
1209 3734 1314 3775 verum
1341 3722 1415 3775 lou-

290 3826 378 3864 rence
406 3825 515 3865 nomen
530 3811 640 3877 babet;
666 3824 721 3878 pro
739 3808 865 3878 bapino,
888 3810 1046 3864 Strambae
1062 3811 1223 3878 conjugem
1244 3810 1419 3875 Attculelsa

290 3900 401 3955 femme
426 3899 553 3961 Aticule)
576 3899 758 3968 invenimus,
785 3905 816 3953 et
837 3900 944 3958 omnes
967 3898 1057 3953 simul
1082 3899 1138 3953 iter
1161 3901 1352 3968 suscipiunt:
1376 3917 1418 3955 uo
1473 3939 1477 3947 -

291 4005 398 4059 voyape
411 4005 430 4042 a
444 3988 535 4043 Satnt
547 3992 626 4058 Coop
643 3989 752 4058 (Laura
769 3987 859 4042 Sciat
874 3989 951 4058 Coql.
968 3987 1104 4042 Narratio
1125 3989 1234 4043 misere
1263 3995 1418 4045 coartatur

291 4080 380 4133 itaut
397 4079 537 4148 Pasquini
566 4093 659 4144 mom,
684 4079 840 4134 Strambae
865 4078 1041 4146 indignatio,
1073 4078 1231 4147 inquisitio
1250 4079 1363 4149 judicis
1387 4085 1419 4134 et

292 4169 431 4224 simonae
446 4183 528 4223 mors
544 4169 645 4223 minus
659 4182 750 4236 quam
769 4167 875 4235 viginti
898 4167 1066 4236 scripturae
1081 4168 1220 4222 versibus
1240 4170 1419 4224 continean-

293 4263 361 4326 tur;
379 4260 470 4328 longa
484 4259 620 4314 Boceacii
630 4258 830 4336 exclamatio:
849 4255 871 4309 O
881 4254 1186 4324 felicianimetbaur.
1202 4274 1207 4310 :
1223 4277 1236 4308 η
1254 4257 1276 4312 0
1292 4259 1418 4314 bieneu·

293 4361 359 4401 rees
373 4362 469 4402 ames
483 4390 506 4402 ..
523 4358 546 4418 η)
572 4347 617 4402 sie
641 4346 792 4401 redditur:
820 4365 833 4395 a
849 4345 897 4400 ·Or
912 4346 956 4398 fut
973 4359 1008 4399 ce
1030 4359 1089 4400 une
1105 4347 1219 4412 grande
1240 4347 1314 4414 pitia
1333 4347 1371 4401 de
1392 4349 1421 4401 la

280 4442 371 4491 mort
386 4437 424 4491 de
439 4437 519 4490 deux
532 4436 653 4504 loyaulx
667 4449 785 4499 amans,
802 4439 832 4489 et
847 4434 925 4489 belle
945 4434 1037 4488 cbose
1053 4439 1168 4487 entant
1183 4435 1273 4502 qu’ils
1297 4449 1419 4491 mouru-

294 4531 362 4580 rent
376 4527 466 4580 d'une
478 4539 594 4579 mesme
609 4530 688 4579 mort
697 4530 729 4579 et
743 4529 871 4592 peurent
883 4525 966 4578 leurs
978 4536 1063 4577 ames
1074 4537 1130 4592 soy
1142 4523 1217 4578 faire
1230 4526 1422 4594 campaignie

295 4631 331 4670 θη
348 4617 455 4670 l'autre
471 4616 582 4670 monde
597 4629 716 4668 comme
731 4615 777 4668 les
796 4628 887 4682 corps
903 4613 1024 4668 avolent
1038 4613 1092 4666 lait
1107 4627 1144 4666 en
1169 4619 1286 4683 cestuy.
1308 4634 1320 4664 η
1337 4615 1421 4678 Quod
