3568 5620
727 563 818 606 CAPUT
839 564 860 605 l.
1321 549 1358 608 {3

235 699 399 790 MCDXL
417 699 519 772 circa
536 718 707 770 mensem
727 697 884 787 Maium,
908 717 947 769 se
966 697 1070 791 operi
1083 697 1250 770 accinxit
1263 698 1361 770 Lau-

234 833 394 924 rentius
425 834 537 927 longo
558 832 700 906 scilicet
714 837 828 924 atque
848 830 965 904 etiarn
980 831 1165 922 inaudito,
1183 853 1270 904 curn
1290 832 1361 904 ita-

233 967 329 1041 licae
348 968 502 1060 linguae
521 989 676 1061 prorsus
695 966 894 1059 imperitus
908 971 1007 1038 esset
1024 965 1251 1038 translatori
1275 965 1358 1056 Cui,

235 1109 280 1174 ut
298 1101 492 1196 inceptum
515 1095 716 1190 obtineret,
740 1101 950 1174 monachus
976 1099 1134 1193 quidam
1163 1100 1358 1191 Aratinus,

237 1234 429 1307 Antonius
462 1235 629 1325 nomine,
652 1233 776 1306 socius
813 1233 1018 1327 adjunctus
1046 1238 1123 1323 est,
1154 1234 1220 1327 qui
1244 1234 1362 1307 latine

237 1369 344 1462 prius
366 1367 529 1442 Centum
551 1366 737 1443 Novellos
771 1367 941 1440 Boccaoii
961 1367 1170 1459 transtulit,
1192 1369 1364 1441 transla-

238 1503 366 1598 tioque
400 1503 537 1576 iterum
567 1525 591 1575 a
626 1502 831 1575 Laurentio
866 1501 904 1573 iu
936 1502 1117 1595 gallicum
1151 1481 1363 1575 sermonem

236 1638 423 1710 translata
444 1642 502 1709 est
521 1637 546 1708 ¹.
584 1637 655 1708 Per
687 1641 763 1708 tres
787 1657 908 1708 annos
936 1657 1175 1709 communem
1195 1637 1363 1710 laborem

237 1771 503 1844 sustinuerunt
517 1772 643 1860 ambo,
661 1775 698 1843 et
717 1791 797 1842 rern
826 1771 874 1842 ad
902 1769 1080 1843 eflectum
1106 1772 1365 1864 perduxerunt

237 1904 298 1978 die
318 1905 386 1977 XV
407 1905 549 1977 mensis
581 1904 699 1994 lunii,
722 1889 823 1977 anno
844 1904 1030 1976 MCDXlV
1050 1903 1076 1994 2,
1099 1893 1236 1998 hospes
1256 1911 1366 1978 uter-

237 2061 311 2132 que
333 2061 352 2108 o
379 2039 531 2129 nobilis,
554 2037 753 2131 prudentis
772 2042 810 2109 et
833 2035 983 2110 honesti
1004 2038 1077 2111 viri
1099 2052 1118 2110 u
1150 2039 1300 2111 Bureau
1319 2039 1365 2112 de

238 2172 518 2266 Dampmartin‚

239 2366 365 2434 citoien
396 2365 437 2432 de
461 2365 571 2444 Paris,
595 2365 741 2445 escuier,
763 2364 958 2432 conseillier
985 2366 1027 2433 de
1057 2377 1126 2434 tres
1151 2368 1307 2458 puissant
1333 2379 1366 2436 et

239 2485 310 2541 tres
330 2471 431 2540 noble
451 2473 567 2562 prince
587 2472 729 2540 Charles
746 2473 808 2539 Vle
827 2471 869 2538 de
890 2495 950 2538 son
969 2495 1049 2540 nom
1070 2497 1132 2565 roy
1147 2474 1363 2543 deFrancei,

291 2700 344 2772 De
363 2701 435 2772 hoo
454 2699 605 2771 Bureau
624 2699 670 2770 de
683 2697 963 2791 Dampmartin,
986 2697 1095 2791 cujus
1118 2697 1367 2770 Laurentium

243 2857 261 2905 «
289 2833 517 2905 familiarem
540 2856 559 2902 r>
580 2830 698 2903 fuisse
717 2831 863 2904 codices
882 2832 1156 2920 demonstrant,
1174 2835 1212 2903 et
1221 2832 1267 2904 de
1286 2832 1368 2926 ejus

220 3089 222 3094 '
242 3095 346 3145 vostre
366 3092 519 3146 honneste
541 3091 648 3159 plaisir·
670 3092 688 3144 a
706 3090 762 3144 lire
779 3104 818 3143 ou
832 3094 978 3161 escouter
987 3091 1016 3143 le
1029 3090 1143 3144 dessus
1160 3089 1204 3143 dit
1218 3090 1292 3144 livre
1312 3091 1368 3144 des

243 3181 319 3234 Cant
331 3181 507 3250 NouvelleS‚
528 3185 559 3235 et
572 3178 663 3234 icelui
678 3179 762 3233 avoir
774 3193 830 3246 par
843 3179 953 3234 devers
966 3193 1053 3256 vousr
1069 3197 1082 3229 a

279 3270 288 3304 ¹
309 3271 374 3323 Hoc
396 3271 524 3338 copiose
553 3268 717 3337 exponitur
740 3268 778 3322 ab
804 3268 872 3336 ipso
894 3269 1056 3322 Laurentio
1079 3268 1109 3321 in
1129 3269 1256 3336 Prologo
1277 3284 1368 3337 quern

243 3357 371 3410 Centum
395 3359 589 3414 Novellarum
604 3357 797 3412 translationi
818 3357 987 3425 praemisit,
1006 3357 1244 3426 summatimque
1260 3359 1371 3426 repeti-

243 3449 292 3498 tur
302 3446 331 3499 in
349 3447 437 3500 titulo
450 3451 482 3501 et
492 3448 521 3500 in
539 3461 577 3501 ea
591 3450 679 3514 parte
694 3461 786 3515 quarn
802 3466 815 3497 a
830 3447 957 3514 explicit
971 3465 983 3496 »
997 3460 1155 3501 vocamus

280 3535 324 3586 ²«
348 3536 530 3604 Lesquelles
552 3536 632 3590 deux
656 3537 863 3590 translacions
888 3549 944 3603 par
968 3535 1044 3589 trois
1069 3549 1125 3588 ans
1152 3535 1243 3590 faites
1270 3538 1371 3590 iurent

244 3625 414 3693 acomplies
426 3625 455 3678 le
468 3638 520 3678 xve
532 3625 602 3692 j0ur
616 3625 655 3678 de
671 3625 770 3693 tuing,
787 3625 844 3678 l’an
861 3625 913 3678 rnil
933 3627 1041 3692 quatre
1054 3638 1130 3678 cens
1145 3629 1177 3678 et
1194 3629 1338 3693 quatorze
1356 3643 1369 3674 a

244 3713 319 3780 (Bib.
340 3715 408 3770 Nat.
429 3714 463 3767 fr.
484 3713 546 3782 129,
568 3712 631 3782 239,
652 3718 751 3770 etc...
772 3711 1029 3781 3Arsena15070t.
1051 3713 1154 3766 Codex
1177 3728 1256 3768 unus
1277 3714 1318 3777 (B.
1334 3716 1369 3771 N.

245 3803 279 3856 ir.
288 3801 351 3864 239)
367 3803 397 3855 in
414 3803 502 3856 titulo
518 3803 604 3857 addit
618 3803 711 3856 etiarn
722 3803 835 3856 verba:
851 3820 865 3851 (ι
879 3802 915 3854 Et
927 3801 972 3854 fut
986 3801 1075 3856 icelle
1087 3802 1275 3856 translacion
1291 3817 1372 3857 corn·

245 3892 384 3946 menciee
404 3893 462 3945 l’an
484 3892 523 3947 de
545 3892 756 3946 l'inoaruation
777 3895 882 3945 nostre
898 3891 1043 3958 seigneur
1053 3890 1104 3944 mil
1120 3891 1210 3944 CCCC
1226 3896 1258 3945 et
1269 3893 1317 3960 Xl,
1332 3906 1371 3945 ou

246 3981 325 4035 mois
338 3981 377 4035 de
390 3982 457 4049 May
470 3996 495 4035 o.
511 3981 594 4046 Quae
608 3981 649 4035 sit
663 3982 772 4034 horum
786 3981 949 4034 verborum
972 3979 1141 4034 auctoritas
1159 3980 1240 4034 scire
1256 3982 1350 4035 refert
1364 3998 1370 4049 ;

247 4084 358 4137 magna
372 4071 510 4137 prolecto
528 4071 616 4138 foret,
631 4069 657 4123 si
674 4070 772 4124 codex
789 4069 839 4124 ille
855 4069 1061 4136 transcriptus
1077 4069 1116 4122 ab
1132 4070 1299 4137 archetypo
1318 4085 1372 4137 pu-

246 4160 303 4213 tari
329 4163 465 4227 posset;
491 4159 547 4214 sed
572 4163 680 4213 contra
701 4159 914 4226 imperfectum
939 4172 1012 4212 esse
1035 4161 1067 4211 et
1086 4158 1269 4212 mendosum
1295 4159 1373 4212 inira

247 4248 397 4316 dicamne,
418 4249 462 4302 ita
479 4253 513 4301 ut
534 4250 638 4317 verba,
659 4261 740 4302 nunc
753 4249 882 4315 prolata,
898 4247 1050 4301 alibrario
1067 4247 1170 4314 potius
1187 4247 1308 4315 adjecta
1323 4249 1374 4302 ha-

247 4337 377 4392 beamus
391 4353 398 4406 ;
414 4338 503 4391 facile
519 4337 599 4391 enirn
613 4337 767 4404 conjicere
781 4337 910 4405 quilibet
923 4325 1044 4404 poterat
1057 4337 1277 4390 translationes
1292 4354 1304 4389 r
1318 4352 1375 4404 per

248 4431 313 4480 tres
325 4441 424 4481 annos
435 4427 534 4483 iactas
548 4444 573 4496 n,
588 4431 620 4481 et
631 4427 669 4480 ad
683 4427 776 4480 finem
786 4427 954 4494 perductas
968 4425 1068 4479 medio
1083 4439 1190 4480 mense
1202 4427 1290 4480 Junio
1304 4428 1374 4480 anni

250 4517 403 4585 MCDXIV,
418 4530 526 4570 mense
540 4516 619 4570 Maio
633 4517 704 4569 anni
719 4516 836 4570 MGDXI
850 4515 972 4569 circiter
985 4515 1126 4581 inceptas
1143 4516 1232 4569 esse!

285 4605 296 4638 ³
315 4607 364 4660 Sic
379 4607 463 4660 illurn
479 4606 660 4659 describunt
672 4606 702 4658 in
723 4606 811 4659 titulo
827 4604 953 4659 codices
968 4617 1062 4670 supra
1077 4604 1159 4658 dicti.
