3598 5616
842 461 849 494 i

777 549 867 592 carnr
889 552 931 591 nr.
1378 536 1413 595 73

288 683 472 772 precatus,
494 703 611 774 prave
631 681 836 776 intellexit3
862 682 963 775 quod
991 682 1022 753 si
1044 682 1265 776 diligentius
1281 655 1416 758 atten-

288 813 375 886 dere
395 814 580 888 voluisset
595 816 734 888 multos
755 817 919 910 proiecto
938 837 1083 889 errores
1098 816 1323 891 vitavisset:

333 1053 435 1119 Bocc.
446 1054 572 1139 (Pestis
588 1055 729 1140 descr.):
743 1082 756 1118 e
769 1055 829 1122 Tal
846 1055 878 1121 sn
897 1057 929 1122 la
945 1056 1099 1123 crudelia
1114 1056 1167 1123 del
1182 1057 1269 1124 ciclo
1285 1083 1301 1124 e
1315 1057 1416 1148 forse

289 1165 326 1232 in
349 1171 457 1248 porte
472 1161 592 1251 quello
608 1159 706 1252 deqli
729 1161 876 1238 consini,
900 1163 1003 1230 che...
1030 1167 1057 1226 »'
1079 1203 1113 1213 —
1140 1165 1274 1230 Transi.
1297 1189 1303 1230 :
1334 1167 1415 1232 «La

288 1268 499 1341 cruaultedu
519 1269 583 1336 ciel
598 1268 649 1336 fut
664 1269 742 1336 teile
764 1279 795 1334 et
816 1270 844 1335 si
865 1280 967 1358 granc
982 1281 1015 1336 et
1031 1294 1107 1360 por
1123 1283 1296 1339 onereture
1320 1295 1362 1339 en
1378 1271 1415 1339 lo

283 1378 407 1471 partie
421 1375 480 1444 des
496 1375 661 1454 nominee,
681 1399 762 1465 que.
778 1431 807 1446 ..
833 1407 847 1438 υ
869 1377 1063 1464 [Antonius
1092 1401 1153 1444 nec
1179 1378 1315 1468 injuria,
1341 1401 1415 1468 pro-

289 1509 414 1554 nomen
437 1480 557 1575 quello
579 1482 817 1550 transferendo
844 1483 1029 1550 omiserat:
1049 1496 1081 1550 ec
1106 1484 1141 1551 in
1159 1496 1266 1574 parte
1284 1484 1415 1574 forsan

288 1592 492 1669 hominum
510 1589 730 1672 Laurentiue,
753 1590 779 1656 si
805 1613 989 1680 parumper
1014 1614 1049 1656 se
1071 1592 1286 1681 praebuisset
1309 1601 1415 1658 arten-

289 1712 374 1778 sem,
397 1696 496 1766 facile
517 1696 805 1784 significationem
823 1697 1057 1786 percepisset]

334 1810 435 1874 Bocc.
458 1803 593 1892 (ibid.);
616 1803 763 1893 scriptor
786 1805 875 1870 reris
896 1827 1121 1895 personarum
1147 1805 1343 1872 norninibns
1369 1804 1415 1870 uti

289 1914 380 1982 nolle
403 1936 439 1980 se
459 1911 623 1990 declarat,
649 1911 841 2000 puellarum
868 1913 1085 2002 praesertim,
1112 1936 1153 1978 ne
1173 1911 1296 1979 invidis
1316 1935 1416 2002 argn-

290 2031 443 2089 rnencurn
475 2018 643 2085 ministret
674 2044 688 2080 e
719 2018 750 2084 di
773 2018 957 2085 dirninuire
980 2020 1015 2085 in
1036 2019 1142 2087 niuno
1168 2029 1238 2087 alto
1271 2019 1416 2087 l'onest'a

289 2128 376 2195 delle
400 2126 559 2194 valorose
580 2124 693 2192 donne
715 2147 777 2191 con
804 2124 935 2192 iscoaci
954 2124 1114 2215 parlari.
1141 2152 1157 2189 »
1184 2167 1226 2174 -
1244 2125 1377 2193 Transi.
1407 2150 1412 2191 :

292 2264 306 2300 «
329 2291 381 2306 ...
408 2234 449 2301 de
465 2231 638 2300 diminuer
663 2242 893 2300 aucunernent
918 2231 1076 2300 l’onnenr
1092 2233 1150 2300 des
1171 2233 1317 2299 vaillans
1333 2232 1415 2299 feni-

290 2365 362 2410 mes
384 2341 449 2433 qni
469 2363 511 2408 en
531 2350 711 2429 corripiant
739 2338 839 2407 leurs
866 2339 1046 2407 nouvelles
1075 2352 1176 2408 esent
1205 2339 1248 2407 de
1271 2340 1441 2430 paroles'

288 2449 353 2542 qui
374 2446 545 2516 semblent
570 2445 682 2512 moins
702 2445 898 2514 lzorznestes.
923 2469 939 2514 n
965 2447 1102 2535 [illinus
1117 2447 1272 2515 honestis
1287 2471 1416 2536 sermo-

290 2556 394 2625 nibus
409 2553 588 2646 scripsisse
612 2553 781 2620 Antonius
807 2553 953 2636 videtur,
980 2577 1066 2643 quac
1084 2555 1188 2622 verba
1201 2577 1304 2645 prave
1324 2557 1414 2622 Lan-

289 2664 419 2731 renlius
436 2663 680 2751 interpretalus
695 2663 771 2748 eso]

334 2773 436 2839 Bocc.
452 2769 625 2855 (Prooern
645 2767 781 2834 decadis
797 2770 874 2854 IV):
895 2798 908 2831 e
932 2769 960 2836 O
984 2792 1045 2836 son
1072 2776 1144 2836 cose*
1161 2768 1258 2858 fatte
1279 2769 1310 2836 le
1327 2769 1415 2837 rnaie

289 2882 397 2947 cose?
419 2905 434 2942 »
453 2917 494 2927 -
512 2875 646 2941 Transi.
667 2899 674 2940 :
695 2897 711 2942 a
736 2876 766 2941 T
764 2875 849 2942 elles
874 2875 991 2944 choses
1014 2876 1102 2944 donc
1123 2875 1300 2944 sont-elles
1316 2899 1416 2944 mau-

290 2985 431 3053 vaises‘?
454 3011 466 3044 i
491 2981 667 3072 [Laurenti
689 2981 934 3049 adscribendus
954 3006 1050 3050 error
1067 2983 1212 3063 videtur,
1237 3007 1314 3050 curn
1332 3007 1417 3075 pro-

290 3115 415 3160 nomen
438 3089 528 3158 toles
555 3113 633 3158 curn
664 3089 802 3156 nornine
826 3113 882 3155 res
900 3091 1183 3181 conjungendum
1205 3090 1413 3180 credideris]
1492 3182 1498 3195 .

338 3333 421 3406 Non
460 3333 611 3428 saepius
645 3333 762 3427 igitur
785 3335 887 3408 huno
909 3357 1025 3428 quam
1059 3334 1168 3406 illuni
1201 3334 1416 3428 peccavisse

290 3465 510 3559 credimus¹‚
542 3473 747 3561 utrumque
779 3475 907 3542 annm
932 3470 1014 3563 pari
1041 3465 1332 3562 reprehensione
1351 3470 1417 3540 di-

290 3624 407 3697 gnuin
431 3602 686 3697 arbitramur3
717 3625 805 3675 narn
823 3604 1062 3677 wLaurentius
1091 3604 1296 3694 interdurn,
1324 3606 1415 3677 dum

290 3738 490 3810 obscuram
500 3737 975 3811 monachitranslationem
988 3739 1227 3832 interpretari
1240 3743 1413 3831 conatur,

289 3871 440 3966 longius
473 3893 584 3966 saepe
621 3895 645 3944 a
678 3872 847 3947 Boccaoii
886 3874 1076 3947 sententia
1103 3873 1225 3947 libens
1263 3875 1416 3948 videtur

291 4005 512 4078 deerrasse:

327 4336 334 4369 ¹
356 4336 451 4403 Saepe
466 4335 524 4388 utri
541 4337 762 4391 adscribendus
773 4338 905 4392 siterror
917 4339 1043 4393 dubium
1054 4346 1102 4394 est
1114 4356 1121 4411 ;
1139 4355 1207 4394 oum
1221 4342 1304 4396 verbi
1318 4343 1417 4410 gratia

290 4425 370 4493 same
394 4439 413 4478 a
434 4424 595 4479 Laurentio
620 4427 750 4481 absurde
774 4428 970 4482 transfertur:
998 4429 1027 4482 la
1047 4446 1226 4499 renonem,
1244 4445 1303 4499 quo
1327 4433 1415 4487 modo

290 4515 368 4568 scire
383 4527 548 4582 possumus
568 4520 669 4569 utrum
694 4517 844 4571 Antonius
859 4517 943 4584 (amo
962 4533 1016 4586 pro
1037 4518 1118 4587 same
1140 4520 1257 4590 legerit,
1282 4534 1318 4576 an
1340 4521 1415 4575 Lan-

291 4602 514 4673 reminescere,
529 4603 645 4672 famam
660 4619 714 4673 pro
728 4605 820 4674 same,
836 4607 973 4676 samem?
