3568 5620
411 540 450 600 16
906 556 998 598 curor
1020 557 1041 598 r.

410 691 554 765 vixisse
569 714 670 781 curn,
692 712 794 764 anno
810 692 1070 785 subsequenti,
1107 693 1323 768 Aristotelis
1345 691 1539 768 OEcono-

411 825 515 899 mire
534 825 574 897 in
593 824 774 918 gallicum
799 846 1011 898 sermonem
1042 827 1158 898 vertit
1178 828 1203 898 ¹.
1234 826 1541 923 Subscriptiones

411 960 514 1034 anim
533 965 571 1032 et
589 959 691 1031 tituli
706 959 878 1032 codicum
897 958 964 1053 qui
984 960 1056 1032 hoc
1080 983 1175 1054 opus
1202 962 1399 1035 continent
1416 984 1539 1056 pauca

412 1119 481 1169 nos
514 1095 674 1168 docent:
697 1115 799 1166 unus
824 1099 976 1167 tantum
996 1095 1114 1167 codex
1138 1117 1285 1170 annum
1313 1101 1351 1169 ot
1370 1119 1539 1171 mensem

413 1228 607 1322 indicat23
637 1233 713 1300 tres
733 1237 871 1300 n'omen
891 1227 1145 1320 translatoris,
1181 1251 1259 1301 non
1287 1252 1433 1303 annum
1463 1237 1541 1304 tra-

412 1363 553 1456 dunt³3
574 1361 687 1434 ceteri
702 1383 848 1433 annum
863 1366 901 1433 ct
919 1383 1057 1434 nomen
1073 1364 1233 1435 tacent⁵.
1247 1362 1322 1442 Sed
1332 1363 1431 1435 nihil
1449 1386 1542 1437 cau-

413 1517 477 1568 sae
496 1501 554 1568 est
571 1518 639 1568 cur
658 1494 719 1566 his
734 1494 916 1588 majorem
935 1494 1051 1568 fidem
1071 1495 1324 1569 adhibeamus
1334 1519 1450 1591 quarn
1465 1498 1541 1570 illis

412 1631 478 1726 qui
512 1651 572 1702 res
600 1629 789 1723 copiosius
808 1635 1017 1723 exponunt.
1043 1630 1175 1721 Immo,
1198 1631 1317 1704 codici
1336 1632 1403 1726 qui
1423 1632 1537 1723 diam,

413 1755 583 1837 mensem
602 1767 640 1835 et
658 1785 804 1835 annum
820 1763 923 1835 solus
942 1763 1056 1836 relert
1075 1785 1257 1857 magnam
1278 1786 1360 1838 esse
1380 1766 1542 1838 auctori-

413 1903 530 1970 tatem
550 1896 795 1986 arbitramur,
809 1896 857 1968 oh
872 1918 918 1969 ea
937 1897 1055 1970 verba
1074 1919 1173 1991 quae
1193 1903 1279 1991 post
1298 1899 1543 1993 subscriptio·
1582 1869 1585 1874 Ι

376 2063 378 2066 ·
413 2052 501 2103 nem
520 2030 701 2123 leguntur
722 2052 729 2100 :

458 2227 677 2295 Collacionne
691 2249 752 2317 par
768 2225 856 2295 Gillo
872 2227 970 2294 hoste
986 2228 1027 2295 de
1046 2226 1153 2294 l’escu
1173 2227 1215 2294 de
1235 2230 1366 2296 Franco
1387 2233 1411 2295 ⁵.

463 2431 520 2504 Ex
540 2431 805 2505 observatione
843 2452 980 2504 manus
1011 2436 1161 2503 constat
1192 2433 1240 2504 ab
1279 2432 1410 2505 eodem
1439 2452 1543 2503 arna-

413 2568 551 2640 nuensi
569 2567 636 2660 qui
656 2572 778 2639 toturn
799 2588 893 2660 opus
910 2565 1148 2658 transcripsit
1162 2566 1256 2639 haec
1270 2567 1407 2639 ultima
1426 2567 1543 2640 verba

413 2706 570 2776 exarata
584 2699 714 2772 fuisse.
739 2699 871 2789 Immo,
907 2698 970 2770 ille
999 2722 1017 2768 r
1047 2697 1142 2770 Gille
1170 2723 1189 2770 ›>
1226 2721 1302 2772 non
1331 2700 1430 2772 alius
1462 2722 1543 2774 esse

413 2857 530 2930 quarn
551 2833 792 2906 Guilehertus
812 2832 891 2925 ipse
911 2831 1107 2904 Mettensis
1126 2832 1237 2905 uobis
1251 2833 1405 2926 quidem
1429 2833 1543 2906 vide-

413 2975 489 3059 tur,
511 2968 578 3063 qui
593 2989 732 3040 nornen
762 2988 874 3038 suurn
895 2970 981 3059 post
1000 2963 1164 3039 Centum
1181 2963 1368 3040 Nouellos
1388 2966 1442 3040 sic
1465 2967 1543 3040 ins-

413 3104 596 3197 cripserat
618 3125 626 3173 :

450 3355 457 3388 ¹
479 3355 546 3410 Non
563 3365 705 3420 egraecc
720 3350 874 3419 videlicet,
894 3349 950 3404 sed
968 3364 985 3404 e
1000 3350 1104 3418 latino,
1121 3355 1155 3404 ut
1173 3350 1236 3418 jam
1258 3350 1376 3404 fecerat
1396 3349 1542 3406 Nicolaus

415 3442 552 3496 Oresme.

450 3529 461 3564 ²
480 3532 544 3586 Bib.
560 3532 628 3587 Nat.
643 3530 677 3584 lr.
692 3528 774 3597 1085,
788 3529 876 3597 cujus
893 3529 970 3582 haec
981 3531 1031 3581 est
1042 3528 1230 3596 subscriptio
1243 3543 1249 3581 ε
1270 3545 1282 3579 «
1297 3528 1337 3595 Cy
1352 3528 1413 3582 fine
1428 3529 1456 3582 le
1469 3527 1542 3582 livre

414 3622 453 3675 de
476 3619 702 3687 Yconcmiques
724 3619 872 3685 composa
894 3630 951 3684 par
971 3617 1116 3686 Aristote,
1130 3618 1236 3685 prince
1252 3616 1308 3670 des
1329 3617 1542 3684 philosopheS‚

414 3711 466 3778 qui
489 3710 534 3762 lut
558 3709 683 3762 ramene
707 3722 744 3760 en
768 3706 907 3772 langaige
928 3705 1061 3770 lrunrgois
1082 3720 1138 3772 par
1154 3707 1281 3760 maistre
1300 3706 1412 3759 Lorent
1423 3705 1462 3759 de
1475 3705 1543 3760 Pre-

414 3799 556 3866 ruierfait,
572 3798 630 3851 l’an
649 3796 700 3850 mil
722 3795 789 3849 llllc
811 3795 898 3862 XVII,
924 3795 952 3848 le
974 3795 1108 3861 premier
1124 3795 1193 3862 jour
1217 3795 1255 3848 de
1277 3795 1388 3848 fevrier
1408 3794 1474 3866 u(id
1494 3797 1543 3848 est

415 3887 606 3953 MCDXVIII).

452 3975 543 4029 ³Bib.
564 3977 632 4030 Nat.
651 3975 702 4028 lat.
726 3972 794 4026 4641
815 3973 846 4040 Β,
867 3972 917 4026 fol.
938 3969 1045 4042 1781111
1066 3972 1174 4026 titulo:
1196 3991 1209 4021 r
1234 3972 1370 4027 discrete
1387 3986 1542 4040 personne

414 4066 547 4119 Laurent
559 4063 598 4118 du
612 4062 803 4117 Premierlait
817 4078 829 4112 r
844 4077 850 4129 ;
867 4061 936 4114 vide
950 4061 1063 4129 Hortis,
1078 4075 1107 4128 p.
1121 4060 1195 4130 619),
1212 4065 1243 4116 et
1256 4062 1306 4115 lat.
1325 4060 1405 4130 6495,
1419 4062 1438 4115 1.
1462 4060 1496 4115 57
1512 4059 1543 4116 ei

414 4153 449 4207 80
465 4168 576 4220 versc;
598 4152 756 4220 Chautilly,
776 4150 844 4204 eod.
861 4149 923 4218 575,
943 4150 962 4203 1.
975 4148 1029 4202 183
1046 4150 1124 4209 (cod.
1141 4149 1193 4202 278
1211 4151 1241 4203 in
1264 4164 1342 4205 novo
1361 4151 1466 4220 Catal,
1482 4155 1503 4204 t.
1518 4151 1540 4219 l,

414 4260 444 4312 P·
458 4243 532 4304 220).

439 4330 461 4366 ⁸⁴
480 4333 543 4386 Bib.
557 4333 626 4388 Nat.
643 4331 676 4383 fr.
695 4329 775 4397 1020,
792 4330 821 4383 in
842 4342 903 4397 quo
922 4328 1118 4382 continentur
1142 4323 1209 4382 libri
1232 4327 1430 4382 deamicitia
1452 4331 1484 4383 et
1505 4327 1540 4381 de

402 4421 573 4477 ,Senectute
594 4436 613 4474 a
627 4419 789 4473 Laurentio
802 4418 953 4486 translati,
970 4422 1001 4471 et
1023 4419 1057 4471 lr.
1078 4416 1176 4485 24283,
1194 4418 1254 4486 qui
1266 4418 1430 4472 lectionem
1451 4432 1541 4485 supe-

415 4512 503 4566 rioris
517 4510 634 4564 codicis
650 4508 782 4561 fideliter
797 4507 906 4560 reddit.

449 4601 460 4633 ⁵
479 4600 542 4654 Bib.
557 4601 624 4655 Nat.
640 4599 674 4651 fr.
690 4594 777 4663 1085,
791 4595 860 4649 vide
874 4609 969 4662 supra
981 4595 1083 4649 adnot.
1097 4593 1123 4648 2.
