<?xml version="1.0" encoding="UTF-8"?>
<!DOCTYPE html PUBLIC "-//W3C//DTD XHTML 1.0 Transitional//EN"
    "http://www.w3.org/TR/xhtml1/DTD/xhtml1-transitional.dtd">
<html xmlns="http://www.w3.org/1999/xhtml" xml:lang="en" lang="en">
 <head>
  <title>
</title>
<meta http-equiv="Content-Type" content="text/html;charset=utf-8" />
  <meta name='ocr-system' content='tesseract 3.04.00' />
  <meta name='ocr-capabilities' content='ocr_page ocr_carea ocr_par ocr_line ocrx_word'/>
</head>
<body>
  <div class='ocr_page' id='page_1' title='image "./delaurentiodepr00hauvgoog_0102.png"; bbox 0 0 3598 5616; ppageno 0'>
   <div class='ocr_carea' id='block_1_1' title="bbox 772 519 1412 578">
    <p class='ocr_par' dir='ltr' id='par_1_1' title="bbox 772 519 1412 578">
     <span class='ocr_line' id='line_1_1' title="bbox 772 519 1412 578; baseline -0.002 -1"><span class='ocrx_word' id='word_1_1' title='bbox 772 535 862 577; x_wconf 74' lang='lat' dir='ltr'>cnrur</span> <span class='ocrx_word' id='word_1_2' title='bbox 884 535 927 576; x_wconf 89' lang='lat'>111.</span> <span class='ocrx_word' id='word_1_3' title='bbox 1377 519 1412 578; x_wconf 87' lang='grc'>91</span> 
     </span>
    </p>
   </div>
   <div class='ocr_carea' id='block_1_2' title="bbox 287 669 1417 1435">
    <p class='ocr_par' dir='ltr' id='par_1_2' title="bbox 287 669 1417 1435">
     <span class='ocr_line' id='line_1_2' title="bbox 287 669 1416 764; baseline -0.001 -22"><span class='ocrx_word' id='word_1_4' title='bbox 287 675 414 744; x_wconf 75' lang='lat' dir='ltr'>runt1.</span> <span class='ocrx_word' id='word_1_5' title='bbox 434 671 507 743; x_wconf 84' lang='lat' dir='ltr'>Sed</span> <span class='ocrx_word' id='word_1_6' title='bbox 527 671 667 743; x_wconf 87' lang='lat' dir='ltr'>rectius</span> <span class='ocrx_word' id='word_1_7' title='bbox 687 670 802 742; x_wconf 90' lang='lat' dir='ltr'>etiam</span> <span class='ocrx_word' id='word_1_8' title='bbox 827 669 1077 764; x_wconf 72' lang='lat' dir='ltr'>intelligimus</span> <span class='ocrx_word' id='word_1_9' title='bbox 1096 692 1213 764; x_wconf 89' lang='lat' dir='ltr'>quam</span> <span class='ocrx_word' id='word_1_10' title='bbox 1233 670 1307 743; x_wconf 92' lang='lat' dir='ltr'>levi</span> <span class='ocrx_word' id='word_1_11' title='bbox 1328 691 1416 742; x_wconf 93' lang='lat' dir='ltr'>mo-</span> 
     </span>
     <span class='ocr_line' id='line_1_3' title="bbox 287 802 1415 898; baseline -0.002 -21"><span class='ocrx_word' id='word_1_12' title='bbox 287 811 415 877; x_wconf 88' lang='lat' dir='ltr'>mento</span> <span class='ocrx_word' id='word_1_13' title='bbox 439 827 463 876; x_wconf 92' lang='lat' dir='ltr'>a</span> <span class='ocrx_word' id='word_1_14' title='bbox 482 804 648 877; x_wconf 90' lang='lat' dir='ltr'>librariis</span> <span class='ocrx_word' id='word_1_15' title='bbox 672 803 951 898; x_wconf 75' lang='lat' dir='ltr'>lectoribusque</span> <span class='ocrx_word' id='word_1_16' title='bbox 974 807 1134 879; x_wconf 79' lang='lat' dir='ltr'>Centum</span> <span class='ocrx_word' id='word_1_17' title='bbox 1158 802 1415 879; x_wconf 85' lang='lat' dir='ltr'>Novellarum</span> 
     </span>
     <span class='ocr_line' id='line_1_4' title="bbox 287 937 1416 1033; baseline -0.003 -21"><span class='ocrx_word' id='word_1_18' title='bbox 287 961 411 1033; x_wconf 85' lang='lat' dir='ltr'>nugae</span> <span class='ocrx_word' id='word_1_19' title='bbox 430 939 653 1011; x_wconf 76' lang='lat' dir='ltr'>aestimatae</span> <span class='ocrx_word' id='word_1_20' title='bbox 674 938 764 1028; x_wconf 86' lang='lat' dir='ltr'>sint,</span> <span class='ocrx_word' id='word_1_21' title='bbox 787 960 874 1010; x_wconf 91' lang='lat' dir='ltr'>cum</span> <span class='ocrx_word' id='word_1_22' title='bbox 894 937 1023 1010; x_wconf 93' lang='lat' dir='ltr'>varias</span> <span class='ocrx_word' id='word_1_23' title='bbox 1051 939 1222 1011; x_wconf 89' lang='lat' dir='ltr'>codicum</span> <span class='ocrx_word' id='word_1_24' title='bbox 1239 938 1416 1011; x_wconf 92' lang='lat' dir='ltr'>lectiones</span> 
     </span>
     <span class='ocr_line' id='line_1_5' title="bbox 287 1071 1417 1166; baseline -0.003 -20"><span class='ocrx_word' id='word_1_25' title='bbox 287 1073 529 1146; x_wconf 79' lang='lat' dir='ltr'>conterimus.</span> <span class='ocrx_word' id='word_1_26' title='bbox 554 1073 635 1144; x_wconf 91' lang='lat' dir='ltr'>Duo</span> <span class='ocrx_word' id='word_1_27' title='bbox 666 1073 769 1144; x_wconf 94' lang='lat' dir='ltr'>enim</span> <span class='ocrx_word' id='word_1_28' title='bbox 788 1071 938 1145; x_wconf 89' lang='lat' dir='ltr'>codices</span> <span class='ocrx_word' id='word_1_29' title='bbox 959 1078 1124 1162; x_wconf 84' lang='lat' dir='ltr'>tantum,</span> <span class='ocrx_word' id='word_1_30' title='bbox 1148 1079 1191 1146; x_wconf 88' lang='lat' dir='ltr'>ut</span> <span class='ocrx_word' id='word_1_31' title='bbox 1218 1073 1297 1166; x_wconf 78' lang='lat' dir='ltr'>jam</span> <span class='ocrx_word' id='word_1_32' title='bbox 1318 1073 1417 1144; x_wconf 90' lang='lat' dir='ltr'>dixi-</span> 
     </span>
     <span class='ocr_line' id='line_1_6' title="bbox 288 1205 1417 1297; baseline 0.001 -19"><span class='ocrx_word' id='word_1_33' title='bbox 288 1230 386 1297; x_wconf 75' lang='lat' dir='ltr'>muS,</span> <span class='ocrx_word' id='word_1_34' title='bbox 404 1207 498 1279; x_wconf 92' lang='lat' dir='ltr'>satis</span> <span class='ocrx_word' id='word_1_35' title='bbox 514 1206 689 1296; x_wconf 80' lang='lat' dir='ltr'>fideliter,</span> <span class='ocrx_word' id='word_1_36' title='bbox 712 1211 929 1278; x_wconf 90' lang='lat' dir='ltr'>nontamen</span> <span class='ocrx_word' id='word_1_37' title='bbox 945 1206 1101 1278; x_wconf 89' lang='lat' dir='ltr'>omnino</span> <span class='ocrx_word' id='word_1_38' title='bbox 1117 1205 1304 1296; x_wconf 82' lang='lat' dir='ltr'>similiter,</span> <span class='ocrx_word' id='word_1_39' title='bbox 1319 1208 1417 1279; x_wconf 89' lang='lat' dir='ltr'>Lau-</span> 
     </span>
     <span class='ocr_line' id='line_1_7' title="bbox 287 1339 1416 1435; baseline 0 -23"><span class='ocrx_word' id='word_1_40' title='bbox 287 1341 400 1414; x_wconf 82' lang='lat' dir='ltr'>rentii</span> <span class='ocrx_word' id='word_1_41' title='bbox 420 1363 515 1435; x_wconf 92' lang='lat' dir='ltr'>opus</span> <span class='ocrx_word' id='word_1_42' title='bbox 534 1340 739 1413; x_wconf 54' lang='lat' dir='ltr'>reieruntfl.</span> <span class='ocrx_word' id='word_1_43' title='bbox 760 1339 870 1411; x_wconf 90' lang='lat' dir='ltr'>Alius</span> <span class='ocrx_word' id='word_1_44' title='bbox 891 1345 1017 1412; x_wconf 90' lang='lat' dir='ltr'>autem</span> <span class='ocrx_word' id='word_1_45' title='bbox 1039 1341 1168 1430; x_wconf 64' lang='lat' dir='ltr'>eodelr,</span> <span class='ocrx_word' id='word_1_46' title='bbox 1193 1361 1269 1411; x_wconf 96' lang='lat' dir='ltr'>non</span> <span class='ocrx_word' id='word_1_47' title='bbox 1297 1341 1416 1413; x_wconf 89' lang='lat' dir='ltr'>multo</span> 
     </span>
    </p>
   </div>
   <div class='ocr_carea' id='block_1_3' title="bbox 205 1474 1418 1578">
    <p class='ocr_par' dir='ltr' id='par_1_3' title="bbox 205 1474 1418 1578">
     <span class='ocr_line' id='line_1_8' title="bbox 205 1474 1418 1578; baseline -0.001 -30"><span class='ocrx_word' id='word_1_48' title='bbox 205 1569 210 1578; x_wconf 27' lang='grc' dir='ltr'>Ι</span> <span class='ocrx_word' id='word_1_49' title='bbox 288 1475 476 1570; x_wconf 86' lang='lat' dir='ltr'>posterius</span> <span class='ocrx_word' id='word_1_50' title='bbox 495 1474 760 1568; x_wconf 84' lang='lat' dir='ltr'>transcriptus,</span> <span class='ocrx_word' id='word_1_51' title='bbox 779 1474 1068 1568; x_wconf 82' lang='lat' dir='ltr'>diligentissime</span> <span class='ocrx_word' id='word_1_52' title='bbox 1084 1480 1264 1546; x_wconf 81' lang='lat' dir='ltr'>exaratus</span> <span class='ocrx_word' id='word_1_53' title='bbox 1284 1480 1321 1547; x_wconf 93' lang='lat' dir='ltr'>et</span> <span class='ocrx_word' id='word_1_54' title='bbox 1340 1497 1418 1547; x_wconf 92' lang='lat' dir='ltr'>cre-</span> 
     </span>
    </p>
   </div>
   <div class='ocr_carea' id='block_1_4' title="bbox 289 1607 1417 1968">
    <p class='ocr_par' dir='ltr' id='par_1_4' title="bbox 289 1607 1417 1968">
     <span class='ocr_line' id='line_1_9' title="bbox 289 1607 1417 1702; baseline -0.001 -22"><span class='ocrx_word' id='word_1_55' title='bbox 289 1609 367 1680; x_wconf 93' lang='lat' dir='ltr'>bris</span> <span class='ocrx_word' id='word_1_56' title='bbox 382 1607 540 1701; x_wconf 90' lang='lat' dir='ltr'>picturis</span> <span class='ocrx_word' id='word_1_57' title='bbox 555 1613 726 1698; x_wconf 84' lang='lat' dir='ltr'>ornatus,</span> <span class='ocrx_word' id='word_1_58' title='bbox 742 1607 1024 1680; x_wconf 85' lang='lat' dir='ltr'>venustissimis</span> <span class='ocrx_word' id='word_1_59' title='bbox 1035 1608 1237 1702; x_wconf 86' lang='lat' dir='ltr'>plerisque,</span> <span class='ocrx_word' id='word_1_60' title='bbox 1255 1609 1326 1680; x_wconf 87' lang='lat' dir='ltr'>etsi</span> <span class='ocrx_word' id='word_1_61' title='bbox 1341 1630 1417 1680; x_wconf 94' lang='lat' dir='ltr'>non</span> 
     </span>
     <span class='ocr_line' id='line_1_10' title="bbox 290 1737 1417 1835; baseline 0.002 -23"><span class='ocrx_word' id='word_1_62' title='bbox 290 1763 438 1834; x_wconf 85' lang='lat' dir='ltr'>semper</span> <span class='ocrx_word' id='word_1_63' title='bbox 457 1737 605 1832; x_wconf 83' lang='lat' dir='ltr'>castis³,</span> <span class='ocrx_word' id='word_1_64' title='bbox 627 1763 766 1834; x_wconf 83' lang='lat' dir='ltr'>graves</span> <span class='ocrx_word' id='word_1_65' title='bbox 778 1741 1009 1812; x_wconf 89' lang='lat' dir='ltr'>mutationes</span> <span class='ocrx_word' id='word_1_66' title='bbox 1020 1742 1189 1834; x_wconf 85' lang='lat' dir='ltr'>praebet,</span> <span class='ocrx_word' id='word_1_67' title='bbox 1208 1741 1307 1813; x_wconf 90' lang='lat' dir='ltr'>inter</span> <span class='ocrx_word' id='word_1_68' title='bbox 1321 1764 1417 1835; x_wconf 91' lang='lat' dir='ltr'>quas</span> 
     </span>
     <span class='ocr_line' id='line_1_11' title="bbox 289 1875 1417 1968; baseline 0 -22"><span class='ocrx_word' id='word_1_69' title='bbox 289 1876 384 1948; x_wconf 90' lang='lat' dir='ltr'>haec</span> <span class='ocrx_word' id='word_1_70' title='bbox 401 1875 624 1968; x_wconf 90' lang='lat' dir='ltr'>praesertim</span> <span class='ocrx_word' id='word_1_71' title='bbox 641 1875 974 1947; x_wconf 92' lang='lat' dir='ltr'>commemoranda</span> <span class='ocrx_word' id='word_1_72' title='bbox 993 1879 1069 1946; x_wconf 92' lang='lat' dir='ltr'>est:</span> <span class='ocrx_word' id='word_1_73' title='bbox 1092 1897 1160 1968; x_wconf 92' lang='lat' dir='ltr'>pro</span> <span class='ocrx_word' id='word_1_74' title='bbox 1174 1875 1311 1947; x_wconf 91' lang='lat' dir='ltr'>ultima</span> <span class='ocrx_word' id='word_1_75' title='bbox 1329 1875 1417 1948; x_wconf 88' lang='lat' dir='ltr'>libri</span> 
     </span>
    </p>
   </div>
   <div class='ocr_carea' id='block_1_5' title="bbox 290 2008 1517 2103">
    <p class='ocr_par' dir='ltr' id='par_1_5' title="bbox 290 2008 1517 2103">
     <span class='ocr_line' id='line_1_12' title="bbox 290 2008 1517 2103; baseline 0.002 -23"><span class='ocrx_word' id='word_1_76' title='bbox 290 2009 506 2081; x_wconf 88' lang='lat' dir='ltr'>narratione</span> <span class='ocrx_word' id='word_1_77' title='bbox 527 2008 729 2103; x_wconf 86' lang='lat' dir='ltr'>subjicitur</span> <span class='ocrx_word' id='word_1_78' title='bbox 744 2008 809 2080; x_wconf 89' lang='lat' dir='ltr'>illa</span> <span class='ocrx_word' id='word_1_79' title='bbox 828 2031 945 2101; x_wconf 85' lang='lat' dir='ltr'>quarn</span> <span class='ocrx_word' id='word_1_80' title='bbox 965 2009 1082 2081; x_wconf 91' lang='lat' dir='ltr'>latine</span> <span class='ocrx_word' id='word_1_81' title='bbox 1104 2009 1327 2082; x_wconf 83' lang='lat' dir='ltr'>Franciscus</span> <span class='ocrx_word' id='word_1_82' title='bbox 1348 2011 1416 2082; x_wconf 86' lang='lat' dir='ltr'>Pe·</span> <span class='ocrx_word' id='word_1_83' title='bbox 1511 2094 1517 2101; x_wconf 9' lang='lat' dir='ltr'>p</span> 
     </span>
    </p>
   </div>
   <div class='ocr_carea' id='block_1_6' title="bbox 289 2142 1416 2371">
    <p class='ocr_par' dir='ltr' id='par_1_6' title="bbox 289 2142 1416 2371">
     <span class='ocr_line' id='line_1_13' title="bbox 289 2142 1411 2237; baseline 0.002 -23"><span class='ocrx_word' id='word_1_84' title='bbox 289 2148 412 2216; x_wconf 88' lang='lat' dir='ltr'>trarca</span> <span class='ocrx_word' id='word_1_85' title='bbox 440 2143 486 2214; x_wconf 92' lang='lat' dir='ltr'>de</span> <span class='ocrx_word' id='word_1_86' title='bbox 512 2143 727 2215; x_wconf 87' lang='lat' dir='ltr'>constantia</span> <span class='ocrx_word' id='word_1_87' title='bbox 751 2142 947 2214; x_wconf 89' lang='lat' dir='ltr'>Griselidis</span> <span class='ocrx_word' id='word_1_88' title='bbox 978 2142 1094 2214; x_wconf 89' lang='lat' dir='ltr'>libere</span> <span class='ocrx_word' id='word_1_89' title='bbox 1123 2144 1411 2237; x_wconf 88' lang='lat' dir='ltr'>conscripserat,</span> 
     </span>
     <span class='ocr_line' id='line_1_14' title="bbox 289 2276 1416 2371; baseline 0.002 -23"><span class='ocrx_word' id='word_1_90' title='bbox 289 2277 415 2371; x_wconf 93' lang='lat' dir='ltr'>potius</span> <span class='ocrx_word' id='word_1_91' title='bbox 435 2299 551 2371; x_wconf 91' lang='lat' dir='ltr'>quam</span> <span class='ocrx_word' id='word_1_92' title='bbox 567 2299 590 2349; x_wconf 94' lang='lat' dir='ltr'>a</span> <span class='ocrx_word' id='word_1_93' title='bbox 605 2276 774 2349; x_wconf 87' lang='lat' dir='ltr'>Boccaoii</span> <span class='ocrx_word' id='word_1_94' title='bbox 800 2298 910 2369; x_wconf 92' lang='lat' dir='ltr'>opere</span> <span class='ocrx_word' id='word_1_95' title='bbox 926 2278 1188 2349; x_wconf 90' lang='lat' dir='ltr'>transtulerat.</span> <span class='ocrx_word' id='word_1_96' title='bbox 1212 2278 1332 2364; x_wconf 85' lang='lat' dir='ltr'>Quam</span> <span class='ocrx_word' id='word_1_97' title='bbox 1349 2278 1416 2350; x_wconf 85' lang='lat' dir='ltr'>Pe-</span> 
     </span>
    </p>
   </div>
   <div class='ocr_carea' id='block_1_7' title="bbox 191 2410 1416 2504">
    <p class='ocr_par' dir='ltr' id='par_1_7' title="bbox 191 2410 1416 2504">
     <span class='ocr_line' id='line_1_15' title="bbox 191 2410 1416 2504; baseline 0 -20"><span class='ocrx_word' id='word_1_98' title='bbox 191 2445 194 2450; x_wconf 43' lang='lat'>*</span> <span class='ocrx_word' id='word_1_99' title='bbox 290 2417 434 2484; x_wconf 91' lang='lat' dir='ltr'>traroae</span> <span class='ocrx_word' id='word_1_100' title='bbox 453 2411 624 2484; x_wconf 82' lang='lat' dir='ltr'>fabulam</span> <span class='ocrx_word' id='word_1_101' title='bbox 644 2433 668 2482; x_wconf 88' lang='lat' dir='ltr'>a</span> <span class='ocrx_word' id='word_1_102' title='bbox 700 2411 905 2482; x_wconf 90' lang='lat' dir='ltr'>Laurentio</span> <span class='ocrx_word' id='word_1_103' title='bbox 926 2410 965 2481; x_wconf 94' lang='lat' dir='ltr'>in</span> <span class='ocrx_word' id='word_1_104' title='bbox 991 2411 1171 2504; x_wconf 87' lang='lat' dir='ltr'>gallicum</span> <span class='ocrx_word' id='word_1_105' title='bbox 1205 2434 1416 2484; x_wconf 91' lang='lat' dir='ltr'>sermonem</span> 
     </span>
    </p>
   </div>
   <div class='ocr_carea' id='block_1_8' title="bbox 291 2545 1420 3176">
    <p class='ocr_par' dir='ltr' id='par_1_8' title="bbox 291 2545 1420 3176">
     <span class='ocr_line' id='line_1_16' title="bbox 291 2545 1414 2638; baseline -0.001 -20"><span class='ocrx_word' id='word_1_106' title='bbox 291 2569 367 2618; x_wconf 94' lang='lat' dir='ltr'>non</span> <span class='ocrx_word' id='word_1_107' title='bbox 387 2567 608 2618; x_wconf 80' lang='lat' dir='ltr'>conversam</span> <span class='ocrx_word' id='word_1_108' title='bbox 625 2567 704 2618; x_wconf 91' lang='lat' dir='ltr'>esse</span> <span class='ocrx_word' id='word_1_109' title='bbox 716 2549 884 2638; x_wconf 86' lang='lat' dir='ltr'>constat;</span> <span class='ocrx_word' id='word_1_110' title='bbox 898 2567 989 2617; x_wconf 91' lang='lat' dir='ltr'>nam</span> <span class='ocrx_word' id='word_1_111' title='bbox 1005 2545 1104 2617; x_wconf 90' lang='lat' dir='ltr'>hanc</span> <span class='ocrx_word' id='word_1_112' title='bbox 1112 2546 1414 2637; x_wconf 87' lang='lat' dir='ltr'>translationem,</span> 
     </span>
     <span class='ocr_line' id='line_1_17' title="bbox 291 2676 1418 2773; baseline 0 -21"><span class='ocrx_word' id='word_1_113' title='bbox 291 2681 339 2752; x_wconf 89' lang='lat' dir='ltr'>ab</span> <span class='ocrx_word' id='word_1_114' title='bbox 356 2679 583 2753; x_wconf 90' lang='lat' dir='ltr'>amanuensi</span> <span class='ocrx_word' id='word_1_115' title='bbox 598 2679 764 2773; x_wconf 92' lang='lat' dir='ltr'>quodam</span> <span class='ocrx_word' id='word_1_116' title='bbox 786 2678 824 2750; x_wconf 92' lang='lat' dir='ltr'>in</span> <span class='ocrx_word' id='word_1_117' title='bbox 843 2682 1005 2754; x_wconf 82' lang='lat' dir='ltr'>Centum</span> <span class='ocrx_word' id='word_1_118' title='bbox 1026 2676 1211 2754; x_wconf 84' lang='lat' dir='ltr'>Novelles</span> <span class='ocrx_word' id='word_1_119' title='bbox 1236 2679 1418 2752; x_wconf 89' lang='lat' dir='ltr'>insinua-</span> 
     </span>
     <span class='ocr_line' id='line_1_18' title="bbox 291 2812 1419 2907; baseline 0 -21"><span class='ocrx_word' id='word_1_120' title='bbox 291 2819 383 2904; x_wconf 87' lang='lat' dir='ltr'>tam,</span> <span class='ocrx_word' id='word_1_121' title='bbox 402 2813 606 2907; x_wconf 87' lang='lat' dir='ltr'>separatim</span> <span class='ocrx_word' id='word_1_122' title='bbox 633 2812 852 2885; x_wconf 83' lang='lat' dir='ltr'>invenimus</span> <span class='ocrx_word' id='word_1_123' title='bbox 870 2813 912 2884; x_wconf 93' lang='lat' dir='ltr'>in</span> <span class='ocrx_word' id='word_1_124' title='bbox 932 2813 1063 2900; x_wconf 93' lang='lat' dir='ltr'>multis</span> <span class='ocrx_word' id='word_1_125' title='bbox 1083 2813 1275 2886; x_wconf 90' lang='lat' dir='ltr'>codicibus</span> <span class='ocrx_word' id='word_1_126' title='bbox 1290 2820 1419 2887; x_wconf 90' lang='lat' dir='ltr'>vetus-</span> 
     </span>
     <span class='ocr_line' id='line_1_19' title="bbox 292 2946 1420 3053; baseline -0.001 -32"><span class='ocrx_word' id='word_1_127' title='bbox 292 2947 669 3042; x_wconf 85' lang='lat' dir='ltr'>tisqueeditionibus‚</span> <span class='ocrx_word' id='word_1_128' title='bbox 688 2947 769 3019; x_wconf 90' lang='lat' dir='ltr'>sine</span> <span class='ocrx_word' id='word_1_129' title='bbox 785 2946 1023 3019; x_wconf 90' lang='lat' dir='ltr'>translatoris</span> <span class='ocrx_word' id='word_1_130' title='bbox 1039 2947 1207 3039; x_wconf 78' lang='lat' dir='ltr'>nomine,</span> <span class='ocrx_word' id='word_1_131' title='bbox 1225 2950 1420 3053; x_wconf 84' lang='lat' dir='ltr'>etPetrar-</span> 
     </span>
     <span class='ocr_line' id='line_1_20' title="bbox 292 3079 1200 3176; baseline -0.003 -21"><span class='ocrx_word' id='word_1_132' title='bbox 292 3105 357 3155; x_wconf 89' lang='lat' dir='ltr'>cae</span> <span class='ocrx_word' id='word_1_133' title='bbox 371 3082 608 3176; x_wconf 87' lang='lat' dir='ltr'>plerumque,</span> <span class='ocrx_word' id='word_1_134' title='bbox 631 3103 707 3153; x_wconf 93' lang='lat' dir='ltr'>non</span> <span class='ocrx_word' id='word_1_135' title='bbox 724 3080 915 3171; x_wconf 85' lang='lat' dir='ltr'>Boccacio,</span> <span class='ocrx_word' id='word_1_136' title='bbox 934 3079 1165 3173; x_wconf 80' lang='lat' dir='ltr'>adscriptam</span> <span class='ocrx_word' id='word_1_137' title='bbox 1177 3081 1200 3152; x_wconf 72' lang='lat'>⁵.</span> 
     </span>
    </p>
   </div>
   <div class='ocr_carea' id='block_1_9' title="bbox 291 3329 1423 4654">
    <p class='ocr_par' dir='ltr' id='par_1_9' title="bbox 291 3329 1423 3756">
     <span class='ocr_line' id='line_1_21' title="bbox 329 3329 1417 3398; baseline -0.001 -13"><span class='ocrx_word' id='word_1_138' title='bbox 329 3329 336 3363; x_wconf 90' lang='lat'><strong>¹</strong></span> <span class='ocrx_word' id='word_1_139' title='bbox 358 3330 493 3385; x_wconf 82' lang='lat' dir='ltr'>Lutetiae</span> <span class='ocrx_word' id='word_1_140' title='bbox 508 3330 815 3398; x_wconf 80' lang='lat' dir='ltr'>Decemerongallice</span> <span class='ocrx_word' id='word_1_141' title='bbox 839 3329 947 3398; x_wconf 80' lang='lat' dir='ltr'>legitur</span> <span class='ocrx_word' id='word_1_142' title='bbox 968 3330 998 3383; x_wconf 95' lang='lat' dir='ltr'>in</span> <span class='ocrx_word' id='word_1_143' title='bbox 1014 3343 1068 3385; x_wconf 86' lang='lat' dir='ltr'>sex</span> <span class='ocrx_word' id='word_1_144' title='bbox 1090 3335 1208 3386; x_wconf 87' lang='lat' dir='ltr'>tantum</span> <span class='ocrx_word' id='word_1_145' title='bbox 1238 3330 1417 3386; x_wconf 81' lang='lat' dir='ltr'>codicibus:</span> 
     </span>
     <span class='ocr_line' id='line_1_22' title="bbox 292 3418 1419 3490; baseline 0 -17"><span class='ocrx_word' id='word_1_146' title='bbox 292 3419 354 3474; x_wconf 88' lang='lat' dir='ltr'>Bib.</span> <span class='ocrx_word' id='word_1_147' title='bbox 372 3421 438 3475; x_wconf 88' lang='lat' dir='ltr'>Nat.</span> <span class='ocrx_word' id='word_1_148' title='bbox 454 3420 489 3475; x_wconf 85' lang='lat' dir='ltr'>ir.</span> <span class='ocrx_word' id='word_1_149' title='bbox 505 3419 567 3490; x_wconf 89' lang='grc'>129,</span> <span class='ocrx_word' id='word_1_150' title='bbox 583 3419 645 3490; x_wconf 91' lang='grc'>239,</span> <span class='ocrx_word' id='word_1_151' title='bbox 661 3418 724 3487; x_wconf 77' lang='grc'>240,</span> <span class='ocrx_word' id='word_1_152' title='bbox 740 3418 820 3478; x_wconf 90' lang='grc'>1122,</span> <span class='ocrx_word' id='word_1_153' title='bbox 836 3418 942 3487; x_wconf 75' lang='grc'>12121,</span> <span class='ocrx_word' id='word_1_154' title='bbox 969 3420 1075 3473; x_wconf 86' lang='lat' dir='ltr'>Arsen.</span> <span class='ocrx_word' id='word_1_155' title='bbox 1099 3419 1179 3474; x_wconf 86' lang='lat'>5070.</span> <span class='ocrx_word' id='word_1_156' title='bbox 1207 3421 1300 3475; x_wconf 85' lang='lat' dir='ltr'>Breve</span> <span class='ocrx_word' id='word_1_157' title='bbox 1324 3422 1419 3490; x_wconf 78' lang='lat' dir='ltr'>quod·</span> 
     </span>
     <span class='ocr_line' id='line_1_23' title="bbox 292 3508 1423 3578; baseline 0.002 -16"><span class='ocrx_word' id='word_1_158' title='bbox 292 3509 361 3563; x_wconf 88' lang='lat' dir='ltr'>dam</span> <span class='ocrx_word' id='word_1_159' title='bbox 376 3510 513 3577; x_wconf 79' lang='lat' dir='ltr'>eiusdem</span> <span class='ocrx_word' id='word_1_160' title='bbox 530 3510 740 3564; x_wconf 84' lang='lat' dir='ltr'>translationis</span> <span class='ocrx_word' id='word_1_161' title='bbox 759 3508 960 3576; x_wconf 80' lang='lat' dir='ltr'>fragmentum</span> <span class='ocrx_word' id='word_1_162' title='bbox 981 3514 1083 3563; x_wconf 88' lang='lat' dir='ltr'>exstat</span> <span class='ocrx_word' id='word_1_163' title='bbox 1104 3509 1134 3562; x_wconf 95' lang='lat' dir='ltr'>in</span> <span class='ocrx_word' id='word_1_164' title='bbox 1157 3511 1279 3564; x_wconf 89' lang='lat' dir='ltr'>archivo</span> <span class='ocrx_word' id='word_1_165' title='bbox 1299 3512 1423 3578; x_wconf 86' lang='lat' dir='ltr'>provin-</span> 
     </span>
     <span class='ocr_line' id='line_1_24' title="bbox 292 3598 1419 3666; baseline 0.002 -13"><span class='ocrx_word' id='word_1_166' title='bbox 292 3599 356 3653; x_wconf 90' lang='lat' dir='ltr'>ciae</span> <span class='ocrx_word' id='word_1_167' title='bbox 370 3612 450 3666; x_wconf 80' lang='lat' dir='ltr'>quae</span> <span class='ocrx_word' id='word_1_168' title='bbox 464 3600 550 3653; x_wconf 89' lang='lat' dir='ltr'>Altae</span> <span class='ocrx_word' id='word_1_169' title='bbox 564 3598 719 3666; x_wconf 81' lang='lat' dir='ltr'>vigennae</span> <span class='ocrx_word' id='word_1_170' title='bbox 734 3613 844 3652; x_wconf 90' lang='lat' dir='ltr'>nomen</span> <span class='ocrx_word' id='word_1_171' title='bbox 867 3599 967 3652; x_wconf 88' lang='lat' dir='ltr'>babet.</span> <span class='ocrx_word' id='word_1_172' title='bbox 991 3598 1129 3652; x_wconf 88' lang='lat' dir='ltr'>Londinii</span> <span class='ocrx_word' id='word_1_173' title='bbox 1145 3599 1242 3654; x_wconf 85' lang='lat' dir='ltr'>codex</span> <span class='ocrx_word' id='word_1_174' title='bbox 1257 3614 1336 3655; x_wconf 91' lang='lat' dir='ltr'>unus</span> <span class='ocrx_word' id='word_1_175' title='bbox 1358 3615 1419 3655; x_wconf 87' lang='lat' dir='ltr'>ser-</span> 
     </span>
     <span class='ocr_line' id='line_1_25' title="bbox 291 3687 1072 3756; baseline -0.004 -15"><span class='ocrx_word' id='word_1_176' title='bbox 291 3692 377 3742; x_wconf 84' lang='lat' dir='ltr'>vatur</span> <span class='ocrx_word' id='word_1_177' title='bbox 391 3688 599 3742; x_wconf 88' lang='lat' dir='ltr'>translationis</span> <span class='ocrx_word' id='word_1_178' title='bbox 616 3693 748 3754; x_wconf 86' lang='lat' dir='ltr'>nostrae,</span> <span class='ocrx_word' id='word_1_179' title='bbox 768 3688 837 3742; x_wconf 84' lang='lat' dir='ltr'>Brit.</span> <span class='ocrx_word' id='word_1_180' title='bbox 853 3689 926 3742; x_wconf 79' lang='lat' dir='ltr'>llus</span> <span class='ocrx_word' id='word_1_181' title='bbox 947 3687 986 3756; x_wconf 85' lang='grc'>19,</span> <span class='ocrx_word' id='word_1_182' title='bbox 1003 3687 1033 3756; x_wconf 83' lang='grc' dir='ltr'>Ε,</span> <span class='ocrx_word' id='word_1_183' title='bbox 1051 3688 1072 3742; x_wconf 93' lang='lat' dir='ltr'>l.</span> 
     </span>
    </p>

    <p class='ocr_par' dir='ltr' id='par_1_10' title="bbox 292 3775 1419 4114">
     <span class='ocr_line' id='line_1_26' title="bbox 327 3775 1419 3846; baseline 0.004 -16"><span class='ocrx_word' id='word_1_184' title='bbox 327 3777 338 3811; x_wconf 68' lang='lat'>‘³</span> <span class='ocrx_word' id='word_1_185' title='bbox 359 3779 465 3832; x_wconf 82' lang='lat' dir='ltr'>Arsen.</span> <span class='ocrx_word' id='word_1_186' title='bbox 489 3776 578 3846; x_wconf 78' lang='lat'>50703</span> <span class='ocrx_word' id='word_1_187' title='bbox 602 3777 664 3831; x_wconf 92' lang='lat' dir='ltr'>Bib.</span> <span class='ocrx_word' id='word_1_188' title='bbox 692 3778 757 3831; x_wconf 87' lang='lat' dir='ltr'>Nat.</span> <span class='ocrx_word' id='word_1_189' title='bbox 783 3775 901 3831; x_wconf 80' lang='grc' dir='ltr'>1ι·.129.</span> <span class='ocrx_word' id='word_1_190' title='bbox 928 3777 969 3830; x_wconf 83' lang='lat' dir='ltr'>Ex</span> <span class='ocrx_word' id='word_1_191' title='bbox 993 3777 1098 3845; x_wconf 90' lang='lat' dir='ltr'>paucis</span> <span class='ocrx_word' id='word_1_192' title='bbox 1125 3778 1216 3832; x_wconf 89' lang='lat' dir='ltr'>variis</span> <span class='ocrx_word' id='word_1_193' title='bbox 1236 3779 1419 3836; x_wconf 75' lang='lat' dir='ltr'>lectionibus</span> 
     </span>
     <span class='ocr_line' id='line_1_27' title="bbox 293 3865 1418 3937; baseline 0.004 -18"><span class='ocrx_word' id='word_1_194' title='bbox 293 3881 386 3936; x_wconf 92' lang='lat' dir='ltr'>supra</span> <span class='ocrx_word' id='word_1_195' title='bbox 397 3867 521 3936; x_wconf 88' lang='lat' dir='ltr'>prolatis</span> <span class='ocrx_word' id='word_1_196' title='bbox 531 3866 592 3935; x_wconf 91' lang='lat' dir='ltr'>(pp.</span> <span class='ocrx_word' id='word_1_197' title='bbox 601 3865 634 3919; x_wconf 88' lang='grc'>77</span> <span class='ocrx_word' id='word_1_198' title='bbox 643 3871 672 3921; x_wconf 90' lang='lat' dir='ltr'>et</span> <span class='ocrx_word' id='word_1_199' title='bbox 681 3867 916 3937; x_wconf 62' lang='grc'>3611100111311111·</span> <span class='ocrx_word' id='word_1_200' title='bbox 924 3867 1060 3921; x_wconf 88' lang='lat' dir='ltr'>codicem</span> <span class='ocrx_word' id='word_1_201' title='bbox 1076 3866 1171 3920; x_wconf 87' lang='grc' dir='ltr'>1ι·.129</span> <span class='ocrx_word' id='word_1_202' title='bbox 1181 3869 1418 3924; x_wconf 88' lang='lat' dir='ltr'>emendatiorem</span> 
     </span>
     <span class='ocr_line' id='line_1_28' title="bbox 292 3948 1419 4025; baseline 0.004 -16"><span class='ocrx_word' id='word_1_203' title='bbox 292 3971 360 4010; x_wconf 88' lang='lat' dir='ltr'>esse</span> <span class='ocrx_word' id='word_1_204' title='bbox 373 3972 379 4023; x_wconf 91' lang='lat'>;</span> <span class='ocrx_word' id='word_1_205' title='bbox 394 3957 448 4011; x_wconf 92' lang='lat' dir='ltr'>sed</span> <span class='ocrx_word' id='word_1_206' title='bbox 463 3956 494 4009; x_wconf 93' lang='lat' dir='ltr'>in</span> <span class='ocrx_word' id='word_1_207' title='bbox 510 3971 546 4010; x_wconf 89' lang='lat' dir='ltr'>eo</span> <span class='ocrx_word' id='word_1_208' title='bbox 559 3957 620 4025; x_wconf 88' lang='lat' dir='ltr'>jam</span> <span class='ocrx_word' id='word_1_209' title='bbox 637 3957 785 4025; x_wconf 89' lang='lat' dir='ltr'>quaedam</span> <span class='ocrx_word' id='word_1_210' title='bbox 801 3956 914 4010; x_wconf 90' lang='lat' dir='ltr'>omissa</span> <span class='ocrx_word' id='word_1_211' title='bbox 928 3961 1008 4010; x_wconf 88' lang='lat' dir='ltr'>sunt.</span> <span class='ocrx_word' id='word_1_212' title='bbox 1023 3948 1125 4010; x_wconf 74' lang='lat' dir='ltr'>codex</span> <span class='ocrx_word' id='word_1_213' title='bbox 1142 3957 1246 4011; x_wconf 91' lang='lat' dir='ltr'>Arsen.</span> <span class='ocrx_word' id='word_1_214' title='bbox 1264 3957 1336 4013; x_wconf 80' lang='lat'><strong>5070</strong></span> <span class='ocrx_word' id='word_1_215' title='bbox 1350 3974 1419 4013; x_wconf 87' lang='lat' dir='ltr'>con-</span> 
     </span>
     <span class='ocr_line' id='line_1_29' title="bbox 292 4044 1096 4114; baseline 0 -16"><span class='ocrx_word' id='word_1_216' title='bbox 292 4052 339 4099; x_wconf 87' lang='lat' dir='ltr'>tra</span> <span class='ocrx_word' id='word_1_217' title='bbox 350 4045 482 4114; x_wconf 89' lang='lat' dir='ltr'>priscam</span> <span class='ocrx_word' id='word_1_218' title='bbox 498 4045 706 4100; x_wconf 86' lang='lat' dir='ltr'>translationis</span> <span class='ocrx_word' id='word_1_219' title='bbox 719 4044 846 4100; x_wconf 86' lang='lat' dir='ltr'>formam</span> <span class='ocrx_word' id='word_1_220' title='bbox 861 4045 982 4100; x_wconf 82' lang='lat' dir='ltr'>fidelius</span> <span class='ocrx_word' id='word_1_221' title='bbox 997 4046 1096 4100; x_wconf 81' lang='lat' dir='ltr'>refert.</span> 
     </span>
    </p>

    <p class='ocr_par' dir='ltr' id='par_1_11' title="bbox 327 4132 632 4189">
     <span class='ocr_line' id='line_1_30' title="bbox 327 4132 632 4189; baseline -0.003 0"><span class='ocrx_word' id='word_1_222' title='bbox 327 4139 338 4172; x_wconf 77' lang='lat'><strong>³</strong></span> <span class='ocrx_word' id='word_1_223' title='bbox 357 4134 420 4189; x_wconf 81' lang='lat' dir='ltr'>Btb.</span> <span class='ocrx_word' id='word_1_224' title='bbox 436 4136 502 4189; x_wconf 89' lang='lat' dir='ltr'>Nat.</span> <span class='ocrx_word' id='word_1_225' title='bbox 518 4135 553 4189; x_wconf 85' lang='lat' dir='ltr'>ir.</span> <span class='ocrx_word' id='word_1_226' title='bbox 570 4132 632 4188; x_wconf 89' lang='grc'>239.</span> 
     </span>
    </p>

    <p class='ocr_par' dir='ltr' id='par_1_12' title="bbox 291 4219 1420 4654">
     <span class='ocr_line' id='line_1_31' title="bbox 328 4219 1417 4295; baseline 0.003 -18"><span class='ocrx_word' id='word_1_227' title='bbox 328 4219 421 4280; x_wconf 62' lang='lat' dir='ltr'>ibib.</span> <span class='ocrx_word' id='word_1_228' title='bbox 451 4223 518 4279; x_wconf 90' lang='lat' dir='ltr'>Nat.</span> <span class='ocrx_word' id='word_1_229' title='bbox 543 4223 579 4277; x_wconf 92' lang='lat' dir='ltr'>fr.</span> <span class='ocrx_word' id='word_1_230' title='bbox 612 4222 691 4292; x_wconf 83' lang='grc'>1165,</span> <span class='ocrx_word' id='word_1_231' title='bbox 716 4223 796 4288; x_wconf 82' lang='grc'>1505,</span> <span class='ocrx_word' id='word_1_232' title='bbox 819 4223 923 4292; x_wconf 61' lang='lat' dir='ltr'>etlam</span> <span class='ocrx_word' id='word_1_233' title='bbox 954 4225 1061 4278; x_wconf 86' lang='lat' dir='ltr'>Arsen.</span> <span class='ocrx_word' id='word_1_234' title='bbox 1090 4223 1176 4293; x_wconf 89' lang='grc'>2076;</span> <span class='ocrx_word' id='word_1_235' title='bbox 1204 4226 1417 4295; x_wconf 81' lang='lat' dir='ltr'>Gratianopoli,</span> 
     </span>
     <span class='ocr_line' id='line_1_32' title="bbox 291 4312 1420 4384; baseline 0.004 -17"><span class='ocrx_word' id='word_1_236' title='bbox 291 4313 354 4384; x_wconf 88' lang='grc'>871,</span> <span class='ocrx_word' id='word_1_237' title='bbox 371 4319 430 4368; x_wconf 85' lang='lat' dir='ltr'>etc.</span> <span class='ocrx_word' id='word_1_238' title='bbox 444 4356 466 4367; x_wconf 92' lang='lat'>..</span> <span class='ocrx_word' id='word_1_239' title='bbox 487 4343 519 4350; x_wconf 95' lang='lat'>-</span> <span class='ocrx_word' id='word_1_240' title='bbox 536 4313 568 4367; x_wconf 94' lang='lat' dir='ltr'>ln</span> <span class='ocrx_word' id='word_1_241' title='bbox 582 4314 688 4368; x_wconf 90' lang='lat' dir='ltr'>codice</span> <span class='ocrx_word' id='word_1_242' title='bbox 704 4315 812 4368; x_wconf 83' lang='lat' dir='ltr'>Arsen.</span> <span class='ocrx_word' id='word_1_243' title='bbox 827 4312 898 4366; x_wconf 88' lang='grc'>2076</span> <span class='ocrx_word' id='word_1_244' title='bbox 913 4314 962 4368; x_wconf 88' lang='lat' dir='ltr'>bic</span> <span class='ocrx_word' id='word_1_245' title='bbox 975 4314 1082 4368; x_wconf 84' lang='lat' dir='ltr'>titulus</span> <span class='ocrx_word' id='word_1_246' title='bbox 1096 4315 1223 4383; x_wconf 78' lang='lat' dir='ltr'>legitur:</span> <span class='ocrx_word' id='word_1_247' title='bbox 1248 4335 1260 4367; x_wconf 75' lang='grc' dir='ltr'>α</span> <span class='ocrx_word' id='word_1_248' title='bbox 1278 4317 1321 4370; x_wconf 89' lang='lat' dir='ltr'>Du</span> <span class='ocrx_word' id='word_1_249' title='bbox 1338 4331 1420 4372; x_wconf 88' lang='lat' dir='ltr'>eom·</span> 
     </span>
     <span class='ocr_line' id='line_1_33' title="bbox 293 4403 1420 4461; baseline 0.004 -4"><span class='ocrx_word' id='word_1_250' title='bbox 293 4403 487 4457; x_wconf 85' lang='lat' dir='ltr'>mandament</span> <span class='ocrx_word' id='word_1_251' title='bbox 509 4407 540 4456; x_wconf 88' lang='lat' dir='ltr'>et</span> <span class='ocrx_word' id='word_1_252' title='bbox 553 4403 648 4456; x_wconf 90' lang='lat' dir='ltr'>soubz</span> <span class='ocrx_word' id='word_1_253' title='bbox 668 4404 697 4456; x_wconf 90' lang='lat' dir='ltr'>la</span> <span class='ocrx_word' id='word_1_254' title='bbox 721 4403 888 4457; x_wconf 85' lang='lat' dir='ltr'>correction</span> <span class='ocrx_word' id='word_1_255' title='bbox 909 4403 946 4457; x_wconf 91' lang='lat' dir='ltr'>de</span> <span class='ocrx_word' id='word_1_256' title='bbox 969 4417 1039 4458; x_wconf 90' lang='lat' dir='ltr'>mon</span> <span class='ocrx_word' id='word_1_257' title='bbox 1060 4404 1184 4459; x_wconf 89' lang='lat' dir='ltr'>maistre</span> <span class='ocrx_word' id='word_1_258' title='bbox 1199 4410 1230 4458; x_wconf 88' lang='lat' dir='ltr'>et</span> <span class='ocrx_word' id='word_1_259' title='bbox 1255 4419 1273 4459; x_wconf 85' lang='lat' dir='ltr'>a</span> <span class='ocrx_word' id='word_1_260' title='bbox 1300 4406 1420 4461; x_wconf 85' lang='lat' dir='ltr'>l’exem·</span> 
     </span>
     <span class='ocr_line' id='line_1_34' title="bbox 292 4491 1419 4562; baseline 0.004 -15"><span class='ocrx_word' id='word_1_261' title='bbox 292 4493 387 4562; x_wconf 88' lang='lat' dir='ltr'>plaire</span> <span class='ocrx_word' id='word_1_262' title='bbox 411 4492 467 4546; x_wconf 90' lang='lat' dir='ltr'>des</span> <span class='ocrx_word' id='word_1_263' title='bbox 490 4491 586 4546; x_wconf 82' lang='lat' dir='ltr'>fames</span> <span class='ocrx_word' id='word_1_264' title='bbox 612 4493 741 4547; x_wconf 88' lang='lat' dir='ltr'>mariees</span> <span class='ocrx_word' id='word_1_265' title='bbox 764 4498 796 4547; x_wconf 85' lang='lat' dir='ltr'>et</span> <span class='ocrx_word' id='word_1_266' title='bbox 819 4497 919 4546; x_wconf 82' lang='lat' dir='ltr'>toules</span> <span class='ocrx_word' id='word_1_267' title='bbox 943 4497 1046 4546; x_wconf 88' lang='lat' dir='ltr'>autres</span> <span class='ocrx_word' id='word_1_268' title='bbox 1065 4493 1125 4561; x_wconf 87' lang='lat' dir='ltr'>j’ay</span> <span class='ocrx_word' id='word_1_269' title='bbox 1149 4495 1218 4558; x_wconf 66' lang='lat' dir='ltr'>mia</span> <span class='ocrx_word' id='word_1_270' title='bbox 1241 4495 1325 4549; x_wconf 92' lang='lat' dir='ltr'>selon</span> <span class='ocrx_word' id='word_1_271' title='bbox 1350 4511 1419 4551; x_wconf 91' lang='lat' dir='ltr'>mon</span> 
     </span>
     <span class='ocr_line' id='line_1_35' title="bbox 292 4581 1419 4654; baseline 0.004 -18"><span class='ocrx_word' id='word_1_272' title='bbox 292 4582 377 4636; x_wconf 90' lang='lat' dir='ltr'>advis</span> <span class='ocrx_word' id='word_1_273' title='bbox 392 4586 424 4636; x_wconf 86' lang='lat' dir='ltr'>et</span> <span class='ocrx_word' id='word_1_274' title='bbox 437 4582 661 4650; x_wconf 85' lang='lat' dir='ltr'>entendement,</span> <span class='ocrx_word' id='word_1_275' title='bbox 686 4582 724 4636; x_wconf 93' lang='lat' dir='ltr'>de</span> <span class='ocrx_word' id='word_1_276' title='bbox 739 4582 811 4636; x_wconf 89' lang='lat' dir='ltr'>latin</span> <span class='ocrx_word' id='word_1_277' title='bbox 828 4597 865 4636; x_wconf 92' lang='lat' dir='ltr'>en</span> <span class='ocrx_word' id='word_1_278' title='bbox 888 4581 1027 4649; x_wconf 82' lang='lat' dir='ltr'>srancoys</span> <span class='ocrx_word' id='word_1_279' title='bbox 1042 4582 1187 4638; x_wconf 89' lang='lat' dir='ltr'>l’histoire</span> <span class='ocrx_word' id='word_1_280' title='bbox 1203 4584 1254 4651; x_wconf 89' lang='lat' dir='ltr'>qui</span> <span class='ocrx_word' id='word_1_281' title='bbox 1278 4598 1314 4653; x_wconf 88' lang='lat' dir='ltr'>ey</span> <span class='ocrx_word' id='word_1_282' title='bbox 1329 4599 1419 4654; x_wconf 86' lang='lat' dir='ltr'>apres</span> 
     </span>
    </p>
   </div>
   <div class='ocr_carea' id='block_1_10' title="bbox 0 0 1813 5616">
    <p class='ocr_par' dir='ltr' id='par_1_13' title="bbox 0 0 1813 5616">
     <span class='ocr_line' id='line_1_36' title="bbox 0 0 1813 5616; baseline 0 0"><span class='ocrx_word' id='word_1_283' title='bbox 0 0 1813 5616; x_wconf 95' lang='lat' dir='ltr'> </span> 
     </span>
    </p>
   </div>
  </div>
 </body>
</html>
