3598 5616
773 529 864 573 errur
885 530 916 572 11.
1370 515 1409 572 47

334 667 460 742 Nimia
480 667 666 741 fidelitate
700 666 916 761 peccavisse
947 666 1197 740 Laurentium
1226 666 1266 738 in
1290 668 1411 742 altera

282 801 534 877 translatione
553 823 664 875 nemo
695 800 811 894 igitur
830 801 1054 894 contendet,
1078 800 1194 873 immo
1214 802 1308 874 haec
1328 793 1411 896 ipsa

283 961 357 1011 vox
393 936 641 1010 «translatio
671 961 687 1005 v
728 937 911 1008 verbosae
940 941 979 1008 et
1010 927 1151 1008 liberae
1185 913 1410 1029 paraphrasi

284 1072 420 1167 parum
436 1077 526 1166 apta
540 1071 650 1144 nobis
670 1070 834 1143 videtur.
859 1057 1166 1164 Attamen,qu0d
1185 1070 1234 1142 ad
1252 1093 1270 1140 c
1298 1092 1412 1164 expo

285 1208 462 1280 sitionem
492 1204 655 1299 »operis
670 1205 847 1299 pertinet,
870 1204 1119 1277 Laurentium
1141 1226 1184 1277 eo
1204 1227 1278 1298 quo
1299 1205 1413 1277 vellat

286 1341 378 1414 satis
397 1339 556 1413 feliciter
586 1338 806 1433 pervenisse
829 1339 1028 1411 latendum
1055 1343 1137 1432 est,
1165 1361 1256 1410 narn
1282 1361 1415 1412 revera

286 1476 406 1548 altera
424 1473 625 1547 translatio
644 1473 796 1545 facilius
824 1473 984 1567 intelligi
1014 1477 1175 1566 poterut,
1204 1477 1242 1546 et
1265 1474 1297 1546 si
1320 1473 1414 1547 torte

286 1608 440 1682 nimis‘e
461 1605 647 1681 recta'via
665 1601 823 1691 excessit
852 1606 1094 1696 Laurentius,
1118 1608 1316 1699 mutando,
1339 1608 1413 1680 ad-

287 1743 409 1816 dendo
432 1748 470 1815 et
498 1741 698 1830 tollendot,
727 1740 765 1812 id
792 1746 921 1813 tamen
942 1741 1045 1833 quod
1064 1740 1138 1812 sibi
1168 1746 1417 1836 proposuerat

287 1880 483 1948 assecutus
497 1880 576 1970 est;
603 1874 745 1948 librum
761 1879 888 1947 autem
906 1897 1045 1969 magno
1063 1874 1194 1948 lavore
1217 1881 1414 1969 acceptum
1438 1915 1444 1927 ·

287 2030 369 2081 esse
387 2009 617 2100 videbimus,
640 2010 741 2103 quod
758 2031 959 2104 magnaex
974 2014 1082 2103 parte
1099 2031 1188 2085 eum
1210 2011 1388 2085 absolvit.

340 2143 412 2216 Sed
431 2143 600 2217 Boccacii
619 2144 802 2216 librorum
830 2135 1100 2216 commentatio
1121 2145 1240 2216 multo
1261 2145 1417 2238 majoris

290 2279 472 2350 momenti
502 2277 559 2351 est
592 2301 708 2372 quarn
747 2280 841 2351 haec
872 2277 1110 2371 singularum
1142 2279 1417 2352 sententiarum
1448 2257 1452 2263 ⁵

289 2411 489 2505 expositio,
515 2417 582 2485 aut
615 2433 759 2507 paucae
779 2412 866 2484 illae
886 2411 1113 2485 monitiones
1132 2433 1231 2505 quae
1255 2413 1303 2485 ad
1331 2435 1419 2484 mc-

290 2567 350 2618 res
373 2547 605 2641 pertinent-’z
636 2568 728 2619 narn
752 2547 838 2640 plus
857 2568 974 2639 quarn
998 2545 1189 2640 triplicata
1214 2551 1272 2619 est
1293 2547 1417 2641 operis
1471 2568 1476 2579 ·

291 2887 387 2952 ltalia,
402 2891 433 2941 et
456 2886 494 2940 de
520 2891 606 2940 autre
627 2885 818 2954 quelconque
840 2884 937 2953 partie
962 2884 1001 2939 du
1023 2885 1143 2954 monde,
1165 2885 1217 2954 qui
1239 2888 1326 2940 entre
1349 2886 1419 2942 eulx

292 2990 402 3031 encore
428 2990 466 3030 ne
482 2976 604 3030 avolent
626 2975 839 3029 conversation
865 2989 902 3028 ne
925 2974 1148 3043 marchandise,
1171 2979 1203 3029 et
1226 2975 1277 3042 qui
1301 2975 1420 3030 comme

294 3067 395 3122 bestes
409 3065 579 3121 babitoient
591 3079 652 3120 aux
662 3064 865 3132 montaignes,
881 3064 919 3117 ilz
929 3063 1030 3118 tarent
1045 3064 1151 3118 attraiz
1163 3079 1180 3118 a
1190 3064 1275 3118 venir
1287 3078 1321 3119 es
1331 3064 1419 3134 citez,

293 3169 456 3211 converser
470 3160 501 3210 at
514 3153 716 3209 marchander
728 3154 897 3221 ensemble,
913 3166 969 3220 par
983 3153 1179 3220 lesgracieux
1194 3152 1350 3222 langaiges
1366 3155 1420 3208 des

293 3246 384 3316 clem,
401 3259 439 3298 en
449 3257 528 3313 quoy
544 3244 563 3298 il
577 3242 659 3298 avoit
673 3243 743 3312 plus
758 3243 880 3310 loyaute
894 3257 953 3310 que
974 3241 1117 3296 douceur.
1139 3263 1148 3289 ι
1171 3243 1302 3310 Longius
1318 3257 1390 3312 ergo
1404 3257 1422 3298 a
1521 3307 1531 3316 .

293 3333 429 3390 Boccacii
443 3334 597 3388 sententia
610 3333 723 3387 erravit
736 3332 917 3386 Laurentius
931 3346 969 3386 ne
983 3332 1055 3385 dum
1068 3332 1134 3400 ipse
1149 3345 1183 3386 se
1197 3332 1382 3399 corrigeret!

329 3426 338 3458 ¹
360 3425 423 3479 Hoc
437 3423 614 3490 exemplum
638 3422 778 3476 omittere
803 3422 964 3490 nolumus;
989 3421 1075 3476 initio
1089 3421 1158 3474 libri
1173 3421 1209 3475 Vl
1236 3425 1273 3489 (c.
1289 3421 1315 3483 l)
1343 3422 1421 3477 Lau-

294 3507 580 3581 rentins'diligenter
591 3512 674 3581 prius
689 3512 884 3566 transtulerat
899 3499 998 3565 locuin
1009 3511 1038 3563 in
1055 3525 1115 3579 quo
1131 3511 1262 3564 Fortuna
1280 3512 1421 3566 Boccacio

295 3603 456 3672 pollicetur
469 3616 546 3672 opus
557 3602 622 3670 ejus
646 3601 795 3667 Certald0,
817 3601 974 3668 scriptoris
994 3599 1120 3670 patriae,
1147 3614 1290 3667 magnam
1314 3601 1424 3655 lamam

295 3693 455 3747 daturum:
475 3708 487 3744 t
504 3706 542 3746 ne
557 3690 726 3754 dessauldra
740 3704 759 3744 a
778 3695 829 3745 ton
850 3690 971 3745 oraison
987 3703 1047 3757 que
1061 3694 1092 3743 ta
1107 3689 1177 3743 ville
1192 3690 1231 3744 de
1252 3690 1372 3744 Certald
1387 3706 1425 3745 ne

296 3783 355 3837 soit
365 3787 505 3851 comptae
530 3785 615 3836 entre
631 3781 675 3834 les
692 3780 799 3835 nobles
815 3793 902 3834 noms
916 3780 971 3833 des
984 3780 1109 3834 arciens
1125 3795 1138 3830 v
1165 3779 1285 3842 (latine:
1309 3781 1382 3848 quin
1396 3786 1426 3834 et

296 3872 469 3927 Certaldum
480 3876 565 3925 tuum
576 3871 655 3924 inter
669 3871 751 3924 clara
760 3873 897 3924 veterum
909 3868 1032 3923 nomina
1042 3867 1271 3930 numerabitur).
1284 3870 1318 3924 ln
1329 3870 1426 3924 altera

298 3961 506 4029 translatione,
523 3959 634 4013 timens
655 3958 791 4014 fortene
816 3958 971 4012 insolitum
992 3957 1147 4011 videretur
1170 3971 1293 4026 nomen,
1309 3959 1347 4012 de
1366 3973 1426 4027 quo

298 4055 457 4120 praeterea
472 4049 545 4103 nihil
562 4049 694 4116 amplius
706 4048 807 4102 dicere
822 4051 951 4117 poterat,
968 4046 1088 4101 omisit:
1106 4045 1161 4100 «le
1174 4060 1262 4116 seray
1274 4047 1428 4102 lavorable

297 4144 359 4195 ata
373 4143 516 4210 requeste
530 4151 568 4192 en
591 4142 656 4191 tant
671 4150 731 4206 que
747 4139 797 4189 ton
821 4152 890 4189 nom
909 4139 939 4188 et
960 4150 1084 4188 surmont
1104 4140 1209 4189 serent
1234 4136 1376 4190 nombrez
1396 4141 1428 4190 et

298 4229 428 4298 escriptz
444 4233 529 4282 entre
545 4228 591 4281 les
605 4227 712 4281 nobles
728 4240 816 4281 noms
825 4231 856 4280 et
869 4238 1010 4280 surnoms
1022 4224 1077 4279 des
1086 4225 1211 4279 anciens
1222 4231 1425 4280 aucteurs...»

335 4317 396 4373 Ξ[τι
410 4318 525 4386 capite,¹
542 4317 625 4372 verbi
649 4315 756 4384 gratia,
773 4315 825 4370 ubi
847 4315 885 4369 de
908 4315 1024 4369 Joanne
1047 4328 1128 4383 papa
1142 4314 1205 4368 Xll⁰
1230 4313 1269 4376 (la
1294 4329 1429 4384 papesse

298 4405 423 4470 leanne)
448 4407 550 4475 agitur
575 4406 602 4470 (l.
630 4405 677 4474 Ill,
694 4419 721 4459 c.
736 4403 764 4466 6)
792 4405 942 4460 exclamat
962 4403 1161 4458 Laurentius:
1188 4402 1331 4458 «ODieu
1354 4417 1432 4472 pour

300 4497 369 4566 quel
385 4497 494 4566 pecbie
508 4495 667 4551 scutris-tu
680 4507 740 4563 que
755 4499 839 4548 ceste
852 4493 962 4548 lemme
982 4497 1051 4548 aust
1066 4491 1230 4549 l'evesclrie
1246 4493 1284 4548 de
1304 4494 1430 4548 Romme

300 4593 331 4642 et
343 4588 420 4642 seist
430 4600 468 4640 en
489 4585 518 4640 la
531 4585 634 4639 chaire
648 4583 685 4638 de
702 4583 786 4638 Saint
796 4583 896 4638 Pere‘l
910 4600 922 4634 v
