3568 5620
794 551 883 593 curui
905 552 924 592 1.
1381 535 1415 593 21

342 687 503 758 Carmen
529 685 722 779 quoddam
742 684 920 773 latinum,
939 684 1144 756 Laurentio
1168 684 1419 778 adscriptum,

293 842 368 913 quo
382 819 540 904 loannis
560 817 729 890 Boccacii
749 818 881 890 laudes
908 817 1163 907 continentur,
1186 817 1226 890 in
1247 819 1421 911 pluribus

294 953 486 1026 codicibus
506 951 935 1042 invenimuS,iuterdum
955 952 1071 1024 etiarn
1100 951 1140 1023 in
1155 952 1310 1044 gallicos
1330 975 1423 1024 ver-

294 1110 359 1160 sus
378 1088 619 1160 translatum.
639 1085 823 1172 Quamvis
842 1086 901 1158 bis
919 1085 998 1179 jam
1013 1086 1158 1158 editum
1180 1085 1266 1176 sit',
1288 1086 1422 1158 brevi-

294 1225 351 1294 ter
369 1222 415 1293 de
435 1243 478 1293 eo
497 1221 680 1293 disserere
700 1220 848 1292 adrem
869 1219 1056 1313 pertinere
1076 1241 1287 1292 censemus.

343 1354 608 1448 Undetriginta
634 1354 807 1426 versibus
836 1353 966 1426 latinis
988 1358 1136 1426 constat
1164 1375 1331 1445 carmen,
1360 1356 1421 1427 cui

294 1490 333 1561 in
353 1489 479 1562 codice
493 1489 658 1583 quodam
681 1487 882 1581 parisiensi
898 1488 961 1560 hic
980 1487 1116 1559 titulus
1131 1493 1210 1560 est:

338 1721 425 1786 Vers
453 1742 493 1785 en
511 1719 593 1786 latin
625 1719 689 1784 lain
708 1741 727 1784 a
748 1717 782 1784 la
804 1716 954 1806 louonge
986 1717 1027 1784 ‹lc
1054 1717 1166 1785 Jehan
1195 1720 1327 1786 Rocacc
1360 1742 1421 1808 par

293 1831 448 1895 Laurens
465 1826 506 1893 de
529 1824 966 1893 Prenrierlaittranslatam·
986 1824 1027 1891 de
1047 1848 1085 1892 cc
1103 1825 1189 1892 livre
1208 1825 1349 1910 (scilicet
1369 1826 1423 1891 De
1513 1877 1519 1888 .

297 1933 496 2020 carthuse).

293 2179 369 2250 Nec
390 2197 626 2270 supervacua
641 2180 723 2247 crat
743 2175 808 2247 illa
831 2175 978 2247 librarii
999 2176 1217 2266 declaratio,
1244 2199 1330 2249 cum
1354 2177 1420 2250 vix

295 2310 544 2384 Laurentium
559 2330 761 2404 agnoscere
775 2331 971 2402 possemus
992 2310 1032 2381 in
1049 2310 1326 2404 subscriptione
1337 2333 1421 2383 ver-

294 2468 429 2519 suum:
470 2443 619 2516 Arcens
652 2441 884 2515 Laurentius
908 2441 1065 2538 primus
1101 2441 1252 2539 fuctus³
1296 2445 1420 2538 (alias

288 2578 497 2675 primusl),
538 2584 605 2650 aut
633 2575 782 2649 Arcens
818 2575 1049 2650 Laurentius
1080 2585 1298 2672 Campanus
1311 2585 1336 2650 ⁵.
1373 2621 1419 2630 -

296 2738 314 2783 «
343 2715 561 2808 Campanus
590 2739 608 2784 »
631 2718 758 2784 tamen
778 2712 888 2784 facile
918 2711 1156 2805 intelligitur,
1183 2734 1305 2785 cume
1326 2713 1421 2785 Gal-

292 2848 366 2921 lica
384 2847 595 2941 Campania
610 2845 795 2918 oriundus
814 2851 913 2918 esset
928 2845 1097 2918 boccacii
1122 2847 1329 2941 interpres3
1352 2869 1420 2919 nec

331 3180 337 3213 ¹
360 3181 383 3232 A
398 3179 524 3234 Paulino
540 3178 625 3232 Paris
644 3177 765 3232 scilicet
781 3177 847 3246 (Les
864 3177 931 3231 llos.
946 3178 998 3246 sn,
1017 3179 1039 3245 Ι,
1056 3192 1085 3245 p.
1099 3178 1162 3247 249,
1176 3179 1347 3233 secundum
1361 3179 1420 3232 lec-

294 3269 409 3323 tionem
425 3268 543 3322 codicis
563 3268 597 3320 ir.
612 3266 686 3335 131),
708 3271 739 3320 et
760 3267 858 3336 prius,
880 3268 936 3322 sed
955 3268 1043 3334 Juxta
1062 3268 1255 3321 florentinum
1280 3268 1419 3322 codicem

294 3359 395 3412 minus
411 3357 618 3425 emendatum,
631 3357 669 3409 ab
683 3358 798 3423 Augelo
810 3355 906 3410 Maria
918 3357 1045 3410 Bandini
1058 3357 1138 3422 (cod.
1154 3357 1239 3411 Laur.
1250 3355 1418 3425 Palatii&

293 3448 362 3502 vide
379 3447 477 3500 Cutnl.
492 3445 571 3499 Bibl.
591 3444 790 3514 leopoldinue
806 3445 1044 3511 Laurentianus,
1058 3447 1108 3514 ΙΙΙ,
1123 3445 1260 3514 tio-471).

330 3537 341 3571 ²
360 3537 424 3590 Bib.
438 3537 507 3592 Nat.
524 3535 558 3590 fr.
573 3534 635 3604 131,
649 3550 679 3602 p.
693 3534 756 3588 312.

330 3633 340 3668 ³
360 3626 540 3693 Florentiae,
563 3625 631 3679 cod.
653 3625 794 3679 Laureut.
815 3626 908 3679 Palat.
921 3623 991 3693 2283
1009 3624 1121 3678 ornavit
1135 3625 1259 3678 Baudiui
1279 3627 1331 3694 qui
1347 3626 1421 3693 legit

300 3715 401 3769 Vicens
418 3713 587 3767 laurentius
597 3713 692 3783 pinus
706 3714 765 3782 sac.

330 3805 341 3837 ³
360 3805 424 3858 Bib.
439 3805 499 3860 Nat
511 3805 545 3857 fr.
560 3803 623 3870 131,
634 3804 684 3857 161.
698 3802 765 3871 312,
779 3805 854 3857 Mus,
866 3803 935 3857 Brit.
950 3803 994 3870 11,
1009 3804 1041 3871 Ε,
1055 3805 1088 3871 V,
1100 3803 1150 3856 sol.
1166 3804 1236 3872 ult,
1250 3805 1312 3858 bib.
1323 3805 1417 3858 Palat.

294 3893 553 3962 vindobonensia
567 3893 635 3947 cod.
651 3891 741 3945 12822
753 3893 802 3958 (de
816 3907 877 3961 quo
892 3892 960 3946 vide
978 3891 1106 3945 Tabulae
1123 3892 1205 3946 codd.
1226 3892 1293 3945 Mse.
1307 3893 1340 3946 in
1355 3893 1415 3951 bib¹

291 3985 390 4053 palat.
414 3981 545 4046 Vindob,
563 3983 625 4051 Vll,
639 3996 669 4049 p.
683 3981 746 4050 151,
761 3982 812 4036 ubi
834 3982 961 4048 legitur:
978 3979 1136 4034 Laurentii
1150 3979 1169 4034 I
1182 3981 1208 4050 (i
1227 3981 1263 4034 de
1282 3981 1417 4054 Medicis)

295 4071 466 4140 carmenin
480 4071 652 4125 iohannem
667 4069 856 4138 Boccueiurn)
875 4071 932 4146 (sic
947 4073 974 4138 t).

330 4162 341 4196 ⁵
360 4163 424 4217 Bib.
440 4163 507 4218 Nat.
523 4164 574 4215 lat.
591 4159 689 4229 14636,
706 4161 756 4214 sol.
773 4159 825 4213 197
843 4174 943 4229 verso,
960 4165 992 4214 et
1011 4162 1119 4214 blazar.
1134 4158 1214 4228 3877,
1231 4159 1364 4230 161167,
1390 4163 1419 4216 iu

295 4254 343 4307 bis
357 4252 517 4307 codicibus
531 4251 672 4319 legimuS,
684 4254 757 4317 post
769 4249 910 4304 Boccacii
924 4250 1019 4304 libros
1033 4249 1075 4302 De
1090 4248 1267 4318 penenlopia
1281 4250 1420 4305 deorum:

297 4360 310 4394 n
324 4343 413 4396 Liber
428 4341 591 4396 continens
612 4340 720 4393 laudes
743 4339 793 4407 qui
810 4339 918 4405 incipit
930 4338 1042 4391 Arcens
1059 4336 1229 4391 laurentius
1245 4354 1418 4406 campanus,

296 4439 358 4486 ctc.
371 4474 395 4487 ..
414 4449 439 4500 r,
456 4429 617 4485 cunr'solis
640 4429 783 4483 undecim
801 4429 952 4482 versibus.
973 4429 1029 4492 Qui
1052 4429 1111 4481 duo
1127 4428 1263 4496 codiceS,
1280 4429 1420 4483 eamdem

294 4522 461 4576 lectionem
482 4521 680 4588 praebentes
702 4518 885 4572 auctoritate
906 4518 1124 4594 destituuntur,
1146 4517 1228 4585 quod
1250 4518 1360 4571 saltem
1383 4520 1421 4572 nd

296 4625 420 4666 carmen
435 4610 552 4664 attinet.
