3568 5620
754 565 845 607 aanor
868 567 887 607 r.
1039 585 1041 589 -
1346 549 1383 606 T'l

256 705 313 774 ret
330 701 495 794 loannes
520 699 664 773 divinis
692 700 881 794 evangelii
902 700 1124 794 praeceptis,
1147 723 1310 795 eumque
1334 701 1383 773 ad

255 833 426 906 studium
463 855 657 906 sacrarum
686 834 901 906 litterarum
935 834 1143 908 re'voeavit.
1179 833 1383 907 Laurentio

252 967 417 1040 loannes
451 969 583 1040 acerbe
612 968 822 1062 respondit,
845 989 959 1061 seque
979 967 1251 1041 humaniorum
1279 968 1383 1040 litte-

253 1123 383 1174 rarum
412 1101 601 1175 fervidum
627 1107 664 1175 et
691 1102 868 1174 idoneum
899 1102 1086 1175 fautorem
1114 1102 1316 1195 praestitit,
1342 1101 1380 1174 in

254 1234 417 1329 epistula
442 1236 600 1329 quavis
625 1237 746 1309 multa
772 1237 966 1330 multaque
992 1236 1114 1309 ironia
1141 1235 1380 1309 exhibetur¹.
1494 1282 1499 1291 -

255 1369 494 1456 Quidoensor
504 1369 725 1463 imprudens
736 1370 953 1476 opposuerit
963 1371 1120 1443 loannis
1131 1369 1380 1464 argumentis,

255 1509 292 1578 et
307 1503 528 1598 praesertim
545 1504 742 1576 sententiis
768 1505 817 1576 ab
833 1505 1047 1593 Aristotele,
1063 1505 1111 1576 M.
1130 1504 1252 1576 Tullio
1267 1509 1381 1597 atque

256 1638 337 1731 ipso
358 1638 476 1711 Paulo
495 1638 664 1732 apostolo
680 1639 842 1732 sumptis
858 1661 935 1711 non
950 1637 1213 1711 seimus.Nihil
1224 1637 1381 1710 io'rtasse

257 1769 486 1865 rescripsitl,
508 1744 610 1844 unde
625 1772 673 1843 lis
692 1771 914 1866 oomposita.

306 1906 404 1978 Ante
422 1905 793 1978 omniamonendum
813 1927 1012 1978 censemus
1028 1905 1211 1999 epistulas
1225 1904 1383 1976 loannis

256 2037 302 2110 de
317 2038 558 2111 Monsterolio
579 2061 727 2132 semper
746 2040 899 2112 nomine
917 2062 1048 2112 eorum
1061 2038 1223 2142 adquos
1244 2035 1383 2108 missae

256 2177 365 2244 erant
383 2172 552 2264 destitui,
571 2173 625 2245 ita
644 2179 687 2245 ut
699 2173 1074 2246 Laurentium-illum
1094 2171 1155 2244 eui
1169 2193 1256 2243 oum
1277 2191 1384 2265 prae-

256 2307 377 2400 posito
398 2307 585 2381 Insuleusi
605 2293 796 2382 eontentio
811 2310 885 2382 luit
900 2330 1099 2402 nunquam
1117 2329 1203 2379 anm
1220 2304 1382 2377 transla-

258 2445 335 2514 tore
356 2447 485 2515 nostro
510 2444 752 2537 aequandum
773 2466 854 2516 esse
879 2444 918 2515 in
948 2447 1114 2515 mentem
1135 2439 1315 2527 venisset,
1341 2437 1381 2508 ni

255 2576 457 2648 adnotator
475 2576 632 2670 quidam
652 2577 691 2650 in
708 2578 877 2670 margine
897 2576 1036 2649 oodiois
1055 2574 1281 2647 addidisset:
1304 2570 1381 2644 lale

261 2709 488 2783 Laurentius
509 2715 758 2806 eaqaomealo
785 2709 830 2784 de
860 2708 1081 2806 Peiraofalo
1105 2706 1187 2805 full
1208 2711 1326 2804 poeta
1346 2709 1383 2778 el

257 2848 386 2916 orator
413 2843 619 2922 animast.
637 2908 668 2922 ..
706 2845 814 2918 llune
838 2850 966 2918 eutem
990 2845 1252 2920 adnotatorem
1281 2841 1382 2914 eirea

256 3001 401 3051 annum
422 2978 586 3052 MCDLX
606 2979 748 3052 vixisse
768 2985 804 3052 et
833 2980 873 3051 in
901 2979 1080 3052 manibus
1112 2978 1278 3051 eodioem
1305 2976 1382 3049 ha-

257 3111 384 3184 huisse
399 3112 610 3206 eonjeoturn
631 3109 723 3203 esu,
746 3119 783 3186 et
803 3113 886 3186 ideo
907 3112 1094 3186 modicam
1114 3111 1148 3184 ei
1169 3109 1382 3184 auctorita-
1446 3122 1449 3126 ’

293 3443 300 3476 ¹
321 3443 447 3498 loannis
467 3443 505 3498 de
519 3444 716 3499 Monstel'olio
727 3444 861 3512 epistula
874 3445 901 3498 in
920 3444 1055 3499 Veterum
1070 3441 1263 3512 scriptorum.
1276 3482 1300 3492 ..
1320 3454 1381 3490 unt·

255 3527 392 3598 piissima
417 3529 592 3586 collectione
618 3531 709 3595 (edid.
733 3535 869 3588 Marione
893 3539 925 3588 et
944 3534 1076 3596 Duraod)
1097 3532 1180 3588 edita
1196 3533 1255 3597 est,
1271 3529 1329 3583 vol.
1344 3528 1380 3594 ll,

256 3619 314 3672 eol.
328 3618 490 3674 ttae-llll.
506 3622 601 3686 Quam
614 3627 733 3690 partem
747 3623 913 3677 obtinuerit
927 3625 1071 3691 loanneS,
1085 3620 1284 3690 praepositus
1297 3619 1382 3672 Insu-

257 3709 400 3777 lansiS,in
418 3710 507 3764 bonis
521 3711 633 3765 studiis
647 3712 841 3781 renovandis
849 3717 995 3780 regnante
1011 3713 1117 3766 Carolo
1130 3710 1178 3779 Vl,
1192 3709 1382 3764 demonstra-

255 3797 299 3850 vit
322 3799 355 3851 Α.
380 3797 512 3853 Thomas
539 3800 569 3853 in
594 3801 777 3855 doctissima
794 3801 1013 3856 dissertatione
1033 3815 1113 3870 quae
1138 3797 1315 3853 inscribitur
1337 3795 1380 3850 De

255 3884 383 3940 Joatinis
407 3887 442 3940 de
467 3887 660 3942 Monatemho
681 3888 741 3942 uita
766 3895 794 3942 et
819 3889 954 3959 operibus
978 3890 1124 3957 (Parisiis
1142 3887 1243 3956 1883);
1265 3887 1303 3941 de
1327 3887 1380 3940 lite

255 3977 363 4030 loanni
388 3992 407 4031 a
427 3979 590 4032 Laurentio
614 3979 697 4032 illata
718 3979 786 4033 vide
807 3995 852 4048 op.
880 3979 973 4047 laud,
994 3995 1046 4048 pp.
1067 3978 1168 4046 84853
1194 3978 1264 4031 vide
1286 3977 1379 4031 etiam

256 4068 289 4120 A.
307 4066 419 4134 Hortis,
432 4062 531 4129 Sturii,
544 4080 595 4134 pp.
610 4065 736 4121 6351636.

291 4157 302 4192 ²
321 4157 353 4209 ln
372 4155 456 4210 brevi
470 4154 604 4222 epistula
619 4154 710 4219 Quem
724 4157 877 4227 pleraque,
896 4173 988 4227 quam
1013 4160 1045 4213 h.
1065 4159 1196 4213 Thomas
1218 4156 1379 4210 Laurentio

256 4246 383 4300 missam
401 4245 524 4298 censuit
538 4243 596 4312 (op.
608 4243 671 4312 cit,
686 4260 715 4312 p.
732 4244 787 4316 38),
800 4247 934 4302 loannes
955 4248 1067 4302 aeriter
1083 4247 1278 4300 Laurentium
1293 4248 1382 4311 urget

256 4341 289 4390 ut
316 4334 431 4403 aliquid
463 4333 660 4401 respondeat.
685 4335 743 4389 Sed
768 4336 935 4390 levissimis
960 4337 1081 4391 indiciis
1113 4336 1276 4404 conjicitur
1301 4336 1379 4390 hanc

256 4425 421 4494 epistulam
442 4423 481 4478 ad
497 4423 638 4477 eamdem
653 4423 737 4478 litem
750 4425 915 4492 pertinere.

290 4514 301 4548 ³
317 4513 394 4569 Vide
407 4527 512 4582 supra,
524 4527 553 4581 p.
568 4512 594 4566 l.

291 4601 301 4635 ⁴
320 4605 353 4656 A.
367 4603 509 4672 Thomas,
523 4617 568 4671 ap.
586 4601 680 4669 laud,
693 4617 722 4670 p.
734 4602 779 4656 96.
