3598 5616
395 527 435 588 60
884 546 976 589 clear
998 549 1029 588 n.

397 675 478 748 sine
507 676 585 748 ulla
624 677 862 750 dubitatione
894 679 1162 772 anteponenda
1194 683 1252 751 est
1289 679 1354 751 illa
1391 679 1519 768 editio,

397 812 497 905 qued
512 812 560 884 ad
576 812 775 884 lectionem
792 812 967 906 pertinet,
980 813 1158 886 omnibus
1173 813 1228 885 eis
1247 835 1345 906 qnae
1363 814 1524 886 ulterius

397 946 615 1040 divulgatae
632 951 734 1018 sunt.

447 1081 541 1152 Cum
558 1080 673 1170 enim,
699 1086 784 1174 post
808 1081 936 1153 deoem
961 1103 1095 1170 annos
1130 1084 1393 1176 typographus
1422 1082 1527 1154 Pari-

399 1215 535 1287 siensis
578 1214 769 1286 Antonius
816 1215 960 1286 Verard
1007 1216 1306 1308 pulcherrimum
1346 1216 1525 1288 volumen

399 1348 517 1420 edidit
531 1346 611 1421 Des
631 1345 762 1420 nobles
782 1346 1036 1422 nratteureoe
1052 1357 1163 1438 tanne
1183 1349 1309 1445 ile-t),
1322 1349 1420 1422 nihil
1434 1350 1526 1423 novi

400 1483 509 1554 ineo
542 1482 696 1576 reperiri
734 1488 896 1576 poterat,
923 1483 997 1554 nisi
1021 1483 1173 1557 fraudes
1207 1485 1396 1578 quaedam
1428 1505 1526 1579 quae

401 1616 499 1689 nihil
534 1617 583 1689 ad
611 1617 876 1689 auctoritatem
903 1617 991 1690 libri
1018 1617 1237 1713 conferunt3
1268 1641 1359 1690 nem
1387 1639 1526 1690 nomen

400 1750 640 1823 translatoris
673 1751 793 1823 tacuit
821 1751 1012 1824 Antonius
1044 1752 1189 1825 Verard
1227 1752 1267 1823 in
1300 1751 1445 1842 titulo¹,
1474 1756 1525 1843 et,

400 1885 631 1978 quibusdam
651 1885 691 1956 in
711 1885 829 1957 altero
847 1886 1002 1979 prologo
1023 1886 1218 1960 Laurentii
1239 1887 1411 1977 mutatis,
1433 1908 1529 1980 opus

401 2020 554 2092 nemine
570 2042 638 2092 suo
653 2019 731 2113 regi
751 2019 884 2091 Carolo
897 2020 978 2091 Vlll
997 2021 1174 2093 dicante
1194 2021 1329 2093 Postea
1344 2021 1529 2095 editiones

401 2176 444 2226 ex
459 2153 690 2226 editionibus
712 2158 815 2226 ortae
836 2159 939 2244 sunt,
964 2154 1143 2227 eontinuo
1163 2154 1293 2228 lavore
1320 2159 1527 2249 aeeeptae³‚

402 2289 520 2361 donee
539 2289 636 2361 alter
664 2288 880 2378 translator,
904 2289 1086 2360 Claudius
1105 2289 1261 2380 Witart,
1293 2311 1395 2363 anno
1415 2289 1525 2379 1578,

403 2423 624 2517 diligentius
643 2424 799 2517 etjuxta
814 2423 1021 2517 genuinam
1038 2424 1199 2496 termam
1210 2425 1347 2519 eperiS,
1361 2424 1531 2497 Boeeaeii

404 2560 544 2632 librum
575 2558 692 2631 Gallis
721 2559 860 2630 iterum
887 2558 1116 2651 praebuerit.
1152 2557 1225 2630 Sed
1253 2559 1299 2632 de
1325 2559 1398 2631 hae
1431 2580 1532 2631 nova

403 2692 665 2782 translatione,
688 2692 804 2764 semel
823 2696 975 2763 tantum
997 2692 1099 2786 typis
1119 2693 1314 2782 mandata,
1341 2691 1403 2765 hio
1425 2692 1529 2786 loqui

405 2849 481 2899 non
518 2827 683 2921 expedit,
720 2825 795 2898 nisi
842 2831 885 2898 ut
929 2826 1101 2899 dieamus
1142 2826 1343 2899 Claudiurn
1387 2827 1532 2900 Witart

405 2984 555 3057 quoque
588 2963 635 3034 oh
668 2982 753 3033 eam
786 2982 942 3033 oausam
976 2960 1172 3033 florentini
1205 2961 1398 3055 seriptoris
1434 2960 1531 3034 libro

404 3095 665 3169 transferendo
676 3094 823 3167 dedisse
834 3115 1001 3188 operam,
1019 3100 1063 3167 ut
1072 3094 1285 3188 legentibus
1308 3099 1532 3191 proponeret

443 3348 450 3382 ¹
472 3349 587 3403 Nomen
613 3346 765 3401 Laurentii
795 3350 914 3400 tantum
935 3350 1075 3414 superest
1099 3346 1129 3398 in
1147 3345 1230 3400 brevi
1254 3347 1385 3413 quadam
1409 3345 1533 3413 inserip-

407 3438 591 3506 tionequae‚
616 3436 645 3490 in
662 3436 794 3490 editione
815 3435 939 3489 loannis
967 3434 1005 3489 de
1033 3433 1123 3488 Proto
1144 3434 1221 3488 tituli
1251 3434 1349 3489 locum
1379 3434 1535 3489 obtinebat

407 3527 468 3592 (iol.
485 3526 588 3595 A‚11);
605 3527 657 3580 sed
673 3539 740 3580 eam
757 3524 908 3579 Antonius
918 3525 1030 3579 Verard
1044 3529 1112 3592 post
1126 3523 1258 3579 indicem
1269 3524 1403 3592 capitum
1419 3524 1532 3592 rejecit,

407 3630 467 3684 quo
482 3616 583 3670 minus
598 3616 681 3669 illam
697 3615 971 3668 animadverterent
990 3615 1136 3682 legentes

443 3703 560 3774 ²hpud
586 3705 618 3756 A.
644 3704 744 3758 Hortis
769 3703 906 3757 iuvenies
930 3703 1024 3757 verba
1046 3707 1163 3757 mutata
1185 3708 1237 3756 aut
1267 3702 1373 3756 addita
1399 3702 1437 3757 ab
1466 3702 1533 3756 Ant.

408 3795 530 3864 veroid,
559 3791 659 3861 Stedi,
676 3808 705 3861 p.
723 3791 784 3860 740,
801 3793 921 3860 adnot.;
939 3792 1067 3846 alterum
1089 3793 1247 3861 prolegum
1269 3792 1315 3846 sie
1336 3792 1535 3846 deformatum

349 3945 351 3950 ,
408 3886 576 3940 retulerunt
589 3884 723 3937 editores
738 3881 847 3935 Miehel
863 3881 980 3949 heroii,
995 3880 1117 3936 Nicolas
1132 3881 1276 3949 Couteau,
1290 3886 1351 3936 ete.
1364 3925 1387 3937 ..
1402 3881 1461 3936 Sed
1477 3893 1534 3934 non

408 3973 764 4046 possumuseondrmare
794 3971 968 4025 renovando
996 3971 1067 4025 stilo
1094 3985 1215 4040 queque
1242 3975 1273 4024 et
1289 3971 1419 4038 linguae,
1430 3984 1536 4025 seeun-

408 4067 479 4120 dum
512 4066 713 4118 recentiorem
740 4074 838 4128 usum,
869 4059 1031 4114 Antonium
1062 4061 1173 4116 Verard
1199 4060 1323 4115 dedisse
1345 4073 1480 4129 operam,
1506 4064 1537 4112 ut

409 4152 611 4222 bibliographi
644 4152 763 4220 Effluet,
788 4147 922 4203 Graesse
936 4154 967 4204 et
988 4149 1055 4217 ipse
1080 4150 1181 4204 Hortis
1208 4151 1399 4204 contendunt
1424 4147 1534 4216 (studi,

432 4242 529 4305 ,emt
1061 4292 1063 4296 ,

409 4261 428 4314 p
443 4339 454 4374 ³
474 4335 537 4388 Non
551 4332 652 4385 minus
667 4343 758 4399 quem
774 4341 883 4383 novem
904 4329 1053 4383 editiones
1069 4327 1194 4383 alterius
1206 4328 1414 4382 translationis
1429 4328 1537 4383 biblio·

409 4423 517 4492 graphi
533 4425 692 4476 numerant
707 4419 752 4473 lh.
767 4418 876 4472 Bacchi
901 4418 982 4472 della
996 4419 1085 4486 Lege,
1102 4417 1303 4489 Biblioprrrfie
1322 4417 1535 4484 boccaccesea);

410 4527 469 4568 non
483 4512 551 4566 illas
565 4515 790 4564 tamen-omnes
813 4508 917 4562 videre
946 4507 1035 4562 nobis
1054 4507 1182 4575 contigit
1207 4506 1269 4569 (eir.
1299 4507 1411 4576 Hortis⁷
1437 4503 1535 4572 studi,

409 4617 460 4671 pp.
477 4600 530 4656 825
544 4607 574 4654 et
594 4613 659 4667 seq.
677 4602 709 4652 et
726 4595 802 4666 900).
