3568 5620
375 537 395 596 8
683 585 685 588 .
870 554 960 596 clrur
982 555 1002 596 1.
1109 523 1111 534 ¹

375 689 469 761 obiit
483 711 492 783 3
513 710 602 783 ergo
621 688 766 783 aliquid
781 688 868 761 falsi
884 710 951 761 seu
963 688 1024 760 his
1034 688 1181 761 ultimis
1196 689 1406 783 scripturae
1421 711 1505 761 ver-

375 822 495 913 sibuS,
522 844 589 895 seu
612 822 684 916 ipsi
703 798 900 917 'prooemio
919 823 968 894 ad
989 822 1223 894 Ludovicum
1244 823 1360 895 misso
1380 822 1503 895 inesse
1593 793 1597 802 Δ

375 957 458 1051 jure
474 956 724 1050 suspicamur.
757 956 840 1029 Non
863 961 991 1028 tamen
1011 956 1065 1028 ita
1089 977 1150 1028 res
1178 956 1426 1054 dijudicanda
1449 961 1507 1029 est

376 1095 420 1164 ut
445 1090 600 1163 librario
625 1091 778 1163 cuidam
797 1112 934 1184 parum
962 1089 1136 1184 diligenti
1156 1090 1383 1184 subscriptio
1404 1111 1506 1163 nunc

376 1226 524 1320 prolata
535 1224 781 1314 attribuatur,
799 1229 836 1296 et
850 1221 914 1296 sic
928 1246 996 1317 pro
1014 1245 1102 1296 seza
1114 1224 1316 1317 legendum
1336 1245 1418 1296 esse
1437 1224 1503 1296 vi—

377 1359 530 1452 deatur;
553 1381 643 1430 nam
664 1379 741 1429 non
766 1357 807 1428 in
827 1357 953 1430 codice
977 1378 1068 1447 uno,
1101 1378 1234 1429 verum
1265 1357 1305 1428 in
1333 1357 1508 1451 pluribus

377 1493 552 1565 eumdem
576 1513 723 1564 annum
743 1490 940 1584 perspicue
958 1489 1216 1584 significatum
1238 1489 1457 1564 invenimus
1470 1492 1504 1585 ¹3

378 1626 495 1698 immo
510 1626 550 1698 in
562 1625 769 1719 exemplari
784 1624 950 1718 quodam
965 1624 1081 1718 hujus
1096 1625 1370 1715 translationis,
1379 1647 1509 1719 prooe-

378 1759 455 1832 mio
474 1764 603 1831 tamen
623 1762 828 1852 praeeunte
843 1762 887 1829 ut
904 1758 943 1829 in
961 1758 1096 1831 ceteris
1114 1759 1321 1848 codicibus,
1342 1759 1509 1831 Lauren-

378 1893 456 1966 tius
469 1893 588 1966 fertur
603 1893 675 1964 hoe
693 1913 788 1986 opus
808 1892 1031 1985 suscepisse,

432 2161 526 2177 .....
536 2128 556 2171 a
575 2105 608 2171 la
625 2104 797 2171 rnonieion
818 2113 851 2170 et
867 2114 1027 2192 requeste
1042 2113 1077 2171 et
1092 2128 1133 2171 en
1154 2104 1264 2171 l'ostel
1290 2104 1331 2171 de
1352 2104 1453 2171 noble
1474 2115 1510 2172 et

382 2213 476 2304 saige
496 2211 634 2278 homme
650 2214 787 2278 Bureau
814 2211 855 2278 de
876 2211 1128 2301 Dampmartin,
1146 2212 1293 2290 osculer,
1315 2212 1439 2278 citoien
1468 2211 1509 2278 de

382 2320 479 2386 Paris
504 2329 538 2386 et
565 2318 728 2386 tresorier
760 2318 801 2385 de
828 2320 973 2397 Franco,
995 2317 1092 2385 icelle
1113 2317 1317 2385 translation
1342 2317 1509 2409 aeomplie

382 2438 427 2494 1x⁰
440 2429 521 2517 jour
536 2426 577 2493 de
593 2425 708 2518 juillet
723 2425 790 2492 l'an
814 2425 929 2493 lll62.

431 2642 668 2716 Gravissima
688 2642 797 2715 nobis
817 2641 970 2714 videtur
988 2643 1125 2714 horum
1150 2643 1354 2714 verborum
1378 2647 1510 2715 aucto-

382 2777 491 2868 ritaS,
523 2799 598 2850 non
632 2776 742 2851 modo
771 2776 863 2870 quia
891 2774 1037 2849 librarii
1063 2774 1325 2869 indiligentiae
1344 2777 1510 2851 adscribi

382 2933 460 2984 non
479 2916 610 3005 potest
621 2910 811 3004 adjectum
841 2931 979 2982 nomen
999 2909 1139 2981 nobilis
1157 2914 1195 2982 et
1214 2909 1412 3004 prudentis
1437 2909 1510 2988 viri

384 3047 536 3119 Bureau
550 3044 596 3117 do
611 3044 890 3137 Dampmartin,
910 3043 1000 3115 dum
1022 3047 1145 3115 cetera
1166 3065 1253 3114 cum
1274 3043 1360 3115 aliis
1375 3044 1511 3117 codici-

383 3183 455 3253 bus
488 3177 582 3250 mire
610 3181 837 3269 congruunt,
860 3198 994 3249 verum
1022 3176 1137 3248 etiam
1161 3175 1253 3269 quia
1282 3175 1511 3252 Laurentius

383 3334 516 3386 revera
530 3313 668 3404 hospes
687 3315 725 3382 et
746 3335 762 3380 r
792 3310 992 3382 familiaris
1021 3335 1039 3381 r>
1054 3309 1157 3381 illius
1173 3309 1324 3382 Bureau
1339 3310 1413 3383 luit
1426 3316 1512 3404 post

384 3469 530 3521 annum
551 3445 716 3535 MCDXI,
739 3449 782 3517 ut
801 3468 889 3516 mox
922 3444 1104 3517 dicemus
1137 3442 1272 3515 Utrum
1298 3466 1387 3517 vero
1416 3445 1511 3518 duce

422 3714 429 3747 ¹
450 3713 525 3767 Vide
538 3711 767 3765 adnotationem
783 3711 984 3778 superiorem.
997 3711 1029 3763 ln
1043 3709 1232 3780 bibliotheca
1239 3711 1396 3779 Vaticana,
1408 3711 1511 3765 videre

386 3806 436 3857 est
456 3801 615 3868 exemplar
637 3799 791 3868 quoddam
814 3797 914 3852 Laelii
936 3799 965 3852 in
987 3799 1129 3865 gallicam
1151 3799 1285 3866 linguam
1310 3814 1328 3853 a
1349 3801 1511 3854 Laurentio

386 3891 526 3946 translati
540 3889 623 3956 (neg.
639 3887 712 3950 918).
725 3888 931 3942 Doctissimus
944 3888 988 3940 vir
999 3888 1029 3941 C.
1044 3889 1076 3941 V.
1090 3888 1232 3954 Langlois
1246 3887 1376 3957 (Notices
1389 3893 1418 3941 et
1433 3881 1510 3943 ectr.

387 3981 436 4033 des
450 3995 529 4047 msa,
539 3979 641 4046 lllllll,
651 3978 725 4031 Pars
739 3978 845 4045 altera,
855 3991 884 4044 p.
901 3975 945 4040 87)
961 3977 1105 4043 opinatus
1120 3980 1169 4030 est
1180 3977 1415 4031 translationem
1429 3978 1511 4031 illam

387 4073 458 4123 ante
474 4082 586 4122 annum
609 4067 712 4120 MCDX
734 4066 904 4132 perfectam
920 4079 1003 4133 esse,
1028 4065 1109 4118 haud
1128 4065 1254 4119 nescius
1274 4067 1344 4119 anni
1369 4081 1429 4134 quc
1450 4067 1512 4120 dux

387 4156 566 4212 Borbonesii
579 4155 690 4210 obierit
704 4171 710 4222 ;
728 4154 784 4208 sed
797 4155 905 4207 ultima
919 4154 1036 4207 codicis
1049 4154 1122 4208 lolia
1134 4153 1258 4222 desunt,
1275 4169 1332 4208 nec
1346 4154 1511 4224 quicquam

387 4263 426 4302 ex
450 4245 679 4312 subscriptione
694 4247 848 4311 superest.
862 4244 895 4296 ln
910 4242 1017 4297 codice
1030 4242 1197 4296 Parisiensi
1219 4244 1253 4298 fr.
1267 4243 1320 4296 126
1333 4258 1391 4298 nec
1403 4246 1511 4300 titulus

387 4351 445 4390 nec
459 4333 647 4400 subscriptio
660 4333 780 4400 legitur.

422 4426 434 4460 ²
453 4424 550 4480 Catal.
565 4423 615 4476 des
631 4422 698 4476 Mas.
712 4419 847 4490 franceis
857 4421 893 4473 de
905 4421 935 4472 lu
950 4419 1028 4473 Bibl.
1046 4419 1083 4474 de
1098 4419 1398 4492 Sciat-Petersbourp
1411 4423 1511 4492 (1874),

387 4531 417 4583 p.
441 4513 486 4583 93,
507 4514 559 4568 ubi
575 4513 703 4579 legitur:
728 4529 742 4560 u
765 4511 805 4564 Le
827 4509 901 4564 livre
923 4509 961 4563 de
983 4510 1066 4563 Tulle
1080 4509 1221 4566 d'Amitie
1239 4513 1339 4572 tde'die
1359 4527 1398 4566 au
1412 4515 1512 4568 meme

388 4604 544 4673 minuet»,
559 4601 680 4655 scilicet
692 4598 844 4654 ludovico
860 4598 1038 4653 Borbonesii
1054 4598 1136 4653 duci.
