3568 5620
382 523 421 585 38
871 539 962 582 curor
984 539 1016 582 n.

381 697 490 750 reare
519 675 775 774 champestre
814 699 854 761 a,
891 673 1163 769 variorumque
1197 674 1424 770 scriptorum
1462 699 1507 750 ex

379 810 557 906 operibns
595 810 803 884 sententias
831 809 937 905 eligit
969 831 1065 903 quas
1094 809 1142 882 ad
1170 810 1371 884 materiam
1398 833 1506 884 suam

379 945 520 1040 optime
549 945 710 1019 conferri
742 948 854 1039 putat
880 966 888 1015 ε
919 965 1006 1016 oum
1028 942 1074 1017 de
1098 964 1139 1016 re
1166 943 1311 1018 rustica
1340 945 1504 1038 disserit,

364 1079 589 1188 ¹Vergilium
627 1080 761 1152 ducem
803 1083 840 1152 et
880 1077 1106 1172 magistrum
1148 1079 1360 1174 sequitur¹3
1382 1080 1506 1154 sedin

379 1213 553 1309 partibus
580 1212 852 1307 superioribus,
885 1211 1055 1286 Boccacii
1086 1212 1259 1307 vestigiis
1291 1214 1434 1305 haeret,
1465 1219 1507 1287 ut

379 1347 459 1442 ipse
473 1346 703 1421 cantitetur:

423 1541 468 1609 Es
488 1540 611 1609 choses
626 1540 749 1609 dessus
763 1539 871 1608 dictos
891 1563 933 1608 en
955 1563 994 1608 ce
1015 1550 1152 1630 present
1177 1540 1343 1632 prologue
1361 1543 1505 1632 jusques

379 1651 445 1740 icy,
466 1648 536 1717 l’on
570 1671 624 1716 me
657 1647 729 1716 doit
764 1648 852 1717 tenir
875 1671 963 1739 pour
987 1657 1204 1737 racompteur
1233 1647 1274 1715 de
1301 1648 1436 1740 paroles
1465 1650 1505 1719 de

377 1757 488 1826 Jelran
503 1759 636 1824 Bocace
650 1778 692 1822 en
713 1779 780 1823 une
801 1755 921 1823 sienne
937 1754 1105 1822 familiare
1126 1755 1281 1845 cpistre2.

427 1982 520 2071 Quis
561 1985 690 2055 autem
738 1981 851 2053 istam
897 1978 1164 2074 paraphrasim
1212 1981 1391 2075 scriptam
1424 2003 1506 2055 esse

378 2117 508 2191 credat
535 2120 580 2189 ut
603 2115 676 2210 ipsi
702 2114 872 2188 Boccacii
887 2114 1086 2208 epistulae,
1105 2113 1145 2187 in
1164 2115 1351 2209 principio
1371 2115 1507 2209 prioris

380 2249 656 2341 translationis,
676 2247 922 2343 jungeretur?
943 2248 1052 2321 Patet
1077 2253 1209 2321 contra
1242 2249 1503 2340 Laurentium,

378 2408 466 2459 oum
486 2407 581 2479 opus
597 2405 710 2457 suum
728 2382 1013 2456 retractandum
1027 2386 1066 2456 et
1079 2404 1179 2455 novo
1198 2387 1357 2476 patrono
1376 2383 1506 2457 dican-

378 2520 471 2594 dum
487 2517 708 2613 susceperit,
729 2516 872 2590 omissa
890 2516 1083 2591 florentini
1104 2516 1281 2611 epistula,
1307 2539 1353 2591 ea
1376 2522 1504 2592 tamen

379 2678 493 2730 usum
520 2675 602 2728 esse
634 2657 679 2726 ut
708 2675 852 2726 novum
884 2652 1134 2746 prooemium,
1171 2651 1386 2748 Biturigum
1418 2652 1506 2726 duci

379 2788 618 2883 inscriptum,
640 2790 893 2881 componeret.

428 2922 519 2996 Inde
551 2921 598 2994 iit
628 2925 672 2994 ut
698 2921 811 2994 ambo
844 2919 1041 2993 Laurentii
1068 2921 1242 3016 prologos
1270 2920 1506 2995 adulteram

377 3067 563 3141 librorum
595 3063 655 3137 De
694 3059 855 3136 Casibus
887 3049 1176 3137 translationem
1204 3064 1392 3156 pertinere
1420 3086 1507 3138 cre-

378 3202 528 3291 damuS,
559 3198 762 3293 epistulam
796 3219 886 3271 vero
918 3197 1089 3271 Boccaoii
1117 3198 1255 3288 abeo,
1288 3220 1380 3273 cum·
1400 3199 1507 3293 prius

379 3357 418 3409 se
441 3334 562 3408 labori
585 3331 826 3423 accinxisset,
844 3331 1069 3406 translatam
1090 3353 1185 3424 esse,
1202 3332 1308 3405 nullo
1327 3332 1507 3428 adjuncto

378 3465 605 3564 procamiet

414 3701 424 3736 ¹
447 3718 460 3754 ι
481 3699 556 3756 Mais
568 3703 664 3771 quant
676 3712 715 3754 au
731 3699 805 3754 tiers
819 3711 872 3754 cas
885 3701 1058 3767 present...
1071 3697 1101 3766 je
1116 3711 1210 3767 prens
1219 3697 1332 3767 Virgile
1343 3712 1421 3769 pour
1435 3714 1505 3756 mon

379 3797 506 3849 aucteur
524 3794 556 3845 et
574 3789 700 3845 maistre
715 3806 741 3858 r,
763 3802 842 3860 quae
862 3787 957 3842 verba
981 3786 1174 3842 notissimum
1195 3788 1301 3844 Dentis
1323 3803 1447 3844 versum
1475 3789 1505 3845 in

378 3881 554 3938 memoriam
569 3880 728 3948 reducunt,
744 3891 804 3945 quo
817 3876 997 3932 florentinus
1012 3881 1103 3946 poeta
1116 3877 1275 3945 Virgilium
1291 3891 1413 3948 quoque
1432 3880 1506 3935 allo-

379 3978 499 4046 qunur'
520 4042 565 4096 Tu
580 4041 624 4097 sei
640 4041 668 4096 lo
683 4040 743 4095 mio
756 4043 921 4095 massua-e
936 4039 965 4094 lo
979 4039 1040 4094 mio
1054 4043 1160 4094 autore
1175 4041 1252 4110 (int,
1269 4042 1290 4110 l,
1306 4041 1362 4112 85).

414 4149 425 4186 ²
444 4151 555 4216 Hortis,
565 4147 785 4218 p.‘l3‘l.Ultima
796 4147 889 4203 etiam
905 4147 1071 4217 superioris
1083 4147 1194 4218 capitis
1209 4149 1301 4204 verba
1320 4148 1397 4205 haec
1411 4154 1505 4206 sunt:

381 4243 472 4298 «Ces
494 4240 616 4310 paroles
637 4243 691 4294 ont
715 4238 849 4293 fontaine
873 4241 904 4292 et
918 4237 1078 4293 naissance
1105 4236 1196 4293 d'une
1222 4238 1368 4296 familiare
1391 4241 1507 4309 epistre

379 4332 491 4388 escrite
506 4344 562 4400 par
575 4329 670 4384 iehan
692 4327 825 4383 Boccace
840 4328 973 4396 premier
995 4332 1123 4382 aucteur
1139 4328 1177 4382 de
1197 4341 1232 4384 ce
1247 4328 1331 4384 livre.
1355 4329 1397 4384 En
1421 4335 1507 4386 ceste

380 4423 494 4492 epistre
510 4419 530 4474 il
545 4419 652 4489 pleure
666 4419 695 4473 le
710 4431 763 4472 aas
778 4418 816 4472 de
832 4417 993 4472 mondaine
1008 4417 1160 4472 noblesse.
1180 4435 1193 4468 s
1212 4415 1312 4488 (lota,
1328 4433 1358 4487 p⁴
1377 4417 1452 4487 735.)

418 4509 428 4542 ³
446 4512 479 4565 A.
502 4507 613 4575 HortiS,
630 4507 660 4562 in
675 4506 871 4562 adnotatione
885 4506 1017 4574 quadam
1041 4507 1213 4562 Studiorum
1236 4521 1360 4563 suorum
1384 4513 1426 4578 (p.
1441 4506 1506 4576 624)

381 4599 504 4669 scripsit
520 4613 526 4652 :
543 4615 556 4650 ι
577 4598 630 4653 Dol
643 4601 724 4652 resto
739 4597 769 4652 la
783 4596 892 4652 lettera
906 4610 925 4651 a
937 4595 1092 4652 Mainardo
1106 4597 1132 4652 si
1147 4602 1233 4653 trova
1249 4603 1396 4667 preposta
1409 4580 1507 4654 anche
