3598 5616
756 554 845 598 ctrur
866 557 910 597 111.
1357 537 1394 596 75

265 685 327 754 nol
340 685 501 754 lomberd
516 685 577 753 elie
596 707 665 752 iton
681 708 711 750 er
726 695 839 751 sento.
864 711 878 748 n
895 724 933 732 -
950 683 1084 750 'l'rausl
1105 707 1111 749 :
1131 709 1146 745 o
1166 683 1196 750 lo
1218 683 1272 748 l'eu
1296 705 1337 747 119
1364 679 1396 747 19

244 793 430 861 toucbora
453 791 536 881 qu'il
561 815 603 858 ue
637 791 667 857 le
691 801 787 857 sente
813 813 855 857 ne
880 789 957 857 mal
981 813 1024 856 ne
1050 789 1105 857 lni
1129 789 1215 880 fera
1242 787 1333 880 qu’il
1353 809 1396 854 ne

260 899 402 991 parasse
421 923 443 966 o
464 898 500 967 lo
520 899 587 987 fin.
608 926 622 961 1
650 896 799 987 [Aliquid
820 898 1007 987 significari
1026 897 1162 986 ineptiis
1179 896 1293 963 fratris
1314 895 1395 963 Cae-

264 1007 376 1098 pullae
400 1006 544 1074 credidit
574 1006 796 1085 Laurentius,
824 1005 918 1071 velut
943 1005 1084 1093 ingenui
1114 1002 1397 1072 Certaldensesa

265 1114 433 1181 Boccacio
449 1112 553 1180 derisi
568 1115 588 1201 tt

318 1321 508 1394 Maximae
528 1326 657 1393 autem
683 1321 894 1414 imperitiae
914 1320 1027 1392 datur
1050 1320 1321 1391 documentum
1341 1317 1397 1390 ia-

268 1456 369 1528 bulis
389 1455 477 1544 illis,
496 1456 562 1527 ubi
583 1455 757 1548 populari
774 1477 945 1526 sermone
967 1476 1059 1525 usus
1084 1457 1165 1525 erat
1194 1451 1397 1524 Boccacius

267 1595 312 1662 ut
333 1611 582 1683 personarum
609 1589 796 1682 colloquia
823 1587 985 1660 fideliter
1008 1587 1246 1680 exprimeret.
1271 1586 1399 1658 Auto-

270 1725 358 1796 uius
374 1724 466 1817 ipse,
485 1724 550 1817 qui
563 1729 691 1794 tamen
706 1744 769 1795 eos
784 1724 885 1795 locos
900 1723 1012 1816 plane
1028 1721 1237 1814 intelligere
1251 1721 1395 1809 debuit,

270 1862 339 1929 aut
364 1855 613 1928 Laurentium
641 1856 680 1926 iu
707 1878 872 1928 errorem
899 1855 1062 1949 rapuitt,
1091 1859 1159 1925 aut
1183 1858 1226 1925 ut
1255 1853 1399 1925 solebat

271 1991 431 2063 verbum
446 1991 564 2062 verbo
576 1989 754 2078 reddidit,
774 1989 784 2059 i
803 2012 827 2061 a
843 1994 885 2060 ut
905 1989 1005 2060 socio
1021 2010 1089 2060 suo
1104 2009 1266 2080 parvum
1288 1987 1398 2059 auxi-

270 2124 364 2196 linm
380 2125 592 2218 praeheret,
610 2124 853 2196 excusatione
874 2123 991 2216 igitur
1004 2121 1114 2194 nobis
1134 2122 1272 2214 dignus
1292 2121 1399 2193 vide-

271 2262 334 2329 tur
353 2257 581 2334 Laurentius
597 2258 628 2330 si
646 2257 812 2330 absurda
833 2257 954 2328 multa
975 2255 1200 2350 scripserit&

323 2391 396 2465 Sed
434 2392 527 2464 satis
562 2391 693 2463 mirari
733 2413 808 2463 non
847 2413 1049 2485 possumus
1083 2389 1399 2482 tranquillitatem

310 2644 423 2699 ¹Bocc.
448 2644 533 2713 (Vlll,
562 2642 605 2712 it:
635 2662 648 2691 (ι
670 2642 799 2711 L’acqua
823 2656 908 2697 corre
928 2642 989 2695 alla
1009 2641 1148 2695 borrana.
1175 2658 1187 2689 »
1210 2641 1398 2695 —Transtz

274 2753 286 2783 1
309 2733 417 2787 L’eaue
431 2738 518 2787 court
533 2747 551 2786 a
566 2733 594 2786 la
609 2730 790 2786 bourraclie
809 2751 821 2780 n
843 2731 889 2784 Ad
909 2729 1102 2799 borrapinem
1118 2731 1260 2784 videlicet
1277 2730 1402 2798 scripsit

272 2823 424 2877 Antonius
436 2837 506 2890 pro:
535 2822 576 2874 ad
587 2822 695 2874 vallem
709 2822 714 2874 t
732 2822 867 2875 Forsitan
882 2820 984 2874 verbis
1007 2819 1048 2872 ad
1061 2817 1236 2888 voraginem
1249 2833 1325 2873 usus
1341 2824 1398 2887 est,

273 2913 354 2967 unde
368 2913 479 2966 erroris
493 2912 642 2978 originem
658 2911 768 2965 melius
784 2911 954 2978 intelligere
969 2923 1143 2978 possumus.

309 3000 419 3056 2Inter
447 3001 574 3055 ridicula
593 3001 775 3067 cognomina
798 3013 875 3070 quae
899 2998 1083 3053 Venetianae
1107 2998 1228 3052 cuidam
1254 2998 1402 3065 imposuit

275 3091 445 3159 BoccaciuS‚
462 3104 556 3144 unum
575 3090 724 3144 Antonius
743 3094 804 3143 tam
821 3089 953 3143 fideliter
966 3087 1123 3142 transtulit
1135 3087 1249 3157 (donno
1261 3086 1401 3151 Maricla)

274 3185 308 3234 ut
322 3179 501 3234 Laurentius
516 3180 625 3246 gallice
636 3194 704 3233 eam
714 3184 837 3234 vocaret
858 3178 945 3231 dome
957 3175 1085 3230 vuillari
1099 3176 1182 3244 (Cod.
1197 3177 1232 3230 tr.
1244 3175 1297 3230 129
1311 3177 1402 3230 habet

275 3269 362 3323 dame
376 3267 512 3336 Eltsette,
529 3269 691 3324 lectionem
715 3268 875 3322 manifesto
898 3265 1115 3337 emendatam.)
1131 3295 1160 3305 —
1178 3267 1210 3320 In
1238 3267 1345 3321 eadem
1361 3266 1402 3320 la-

276 3359 347 3414 bnla
361 3357 420 3428 (lV,
436 3357 464 3424 2)
480 3357 645 3413 Boccacins
661 3357 801 3426 scripsit:
819 3376 832 3407 «
844 3356 1021 3425 parendogli
1037 3361 1158 3410 terreno
1174 3355 1212 3409 da
1224 3356 1292 3410 terri
1305 3355 1400 3410 suoi.»

275 3449 411 3502 Transi:
433 3467 446 3498 <t
459 3448 556 3512 Quant
572 3448 591 3501 it
608 3447 648 3501 lui
660 3447 776 3502 semble
790 3447 873 3500 avoir
884 3446 989 3500 trouve
1003 3451 1082 3500 terre
1094 3445 1207 3500 babille
1220 3445 1403 3514 aemployer

275 3551 327 3592 ses
347 3537 523 3592 serremens.
542 3556 554 3588 1
577 3567 607 3575 -
626 3537 699 3590 Cum
715 3536 878 3604 descripsit
890 3550 1013 3589 servum
1029 3534 1312 3603 tratrisCaeputlae,
1331 3534 1403 3589 Boc-

275 3627 379 3682 cacius
394 3627 501 3681 tacetis
524 3625 757 3694 cognominibus
783 3639 857 3679 usus
879 3630 945 3679 est:
974 3641 986 3675 <t
1011 3625 1123 3679 Guccio
1147 3623 1267 3693 Balena,
1293 3624 1403 3679 Guccio

275 3717 431 3780 imbratta,
448 3714 558 3770 Guccio
574 3717 678 3771 Poroo
692 3759 697 3770 .
711 3757 731 3783 .‚
748 3715 768 3768 it
784 3715 873 3782 quale
888 3729 941 3768 era
960 3719 1044 3767 tanto
1061 3714 1172 3768 cattivo
1187 3715 1243 3768 che
1267 3715 1326 3781 egli
1343 3729 1402 3768 non

276 3808 293 3860 e
308 3820 379 3860 vero
393 3806 449 3860 che
465 3805 526 3858 mai
541 3806 634 3874 Lippo
650 3805 733 3873 Topo
761 3819 799 3858 ne
814 3804 930 3857 lacesse
945 3804 1033 3857 alcun
1049 3809 1182 3858 cotanto.
1196 3823 1209 3854 n
1228 3833 1259 3841 -
1274 3803 1401 3858 Transi:

278 3895 409 3949 «Gnate
438 3895 574 3963 baleyne,
599 3895 693 3949 Gnate
718 3894 856 3962 touillon,
883 3891 977 3946 Gnate
1001 3907 1164 3961 pourceau,
1190 3894 1240 3962 qni
1264 3893 1355 3947 estoit
1377 3893 1403 3947 si

278 3984 414 4039 mauvais
432 3998 491 4052 que
516 3984 670 4052 lippetope
687 3997 724 4037 ne
738 3983 782 4036 tut
797 3996 932 4052 oncques
945 3982 1050 4050 pareil.
1068 4001 1080 4032 i>
1095 3982 1234 4037 Ceterum
1250 3982 1279 4035 in
1296 3984 1402 4037 eadem

277 4073 379 4129 tabula
393 4074 451 4140 (VI,
467 4072 523 4142 l0),
540 4073 651 4127 multos
670 4073 754 4127 locos
771 4073 870 4126 tacete
884 4071 1034 4127 absurdos
1058 4073 1239 4126 Laurentius
1260 4072 1403 4127 incolumi

277 4163 425 4230 gravitate
439 4162 611 4218 transtulit:
631 4181 643 4212 1
664 4161 686 4215 l’
696 4162 756 4215 vidi
768 4161 886 4216 volaret
902 4162 1075 4230 pennati...
1098 4178 1129 4230 »;
1149 4162 1266 4216 transl:
1285 4180 1299 4211 «
1320 4162 1350 4215 la
1364 4176 1402 4216 ou

275 4253 305 4320 je
323 4253 370 4307 vis
385 4253 469 4307 voler
494 4253 539 4306 les
555 4256 704 4320 pennates
728 4269 752 4310 1,
770 4257 802 4305 et
826 4251 934 4320 paucis
956 4251 1034 4305 inira
1056 4251 1219 4306 versibus:
1248 4270 1261 4301 «
1282 4251 1323 4317 gli
1347 4251 1404 4305 feci

278 4342 366 4409 copia
381 4340 459 4395 delle
472 4341 592 4410 piaggie
607 4341 637 4394 di
657 4346 760 4395 monte
776 4341 900 4395 llorello
916 4340 946 4393 in
962 4340 1095 4408 volgare,
1111 4355 1129 4394 e
1144 4341 1310 4409 d'alquanti
1325 4340 1404 4408 capi·

279 4427 396 4486 toli'del
411 4430 604 4498 Caprezio...
630 4445 660 4498 »3
683 4431 805 4484 transt:
824 4449 837 4480 o
856 4431 886 4497 je
908 4429 949 4482 lui
971 4429 1092 4497 donnay
1114 4443 1152 4483 en
1177 4430 1317 4497 langaige
1341 4430 1405 4483 vut-

279 4521 361 4589 gaire
374 4520 404 4574 la
418 4521 505 4588 copie
519 4520 575 4574 des
589 4519 686 4587 plaies
702 4521 740 4574 de
767 4519 956 4586 Montmorel,
970 4523 1000 4573 et
1014 4518 1160 4572 d'aucuns
1175 4520 1351 4587 chappitres
1366 4519 1404 4573 de

280 4609 423 4679 Caprioee
443 4627 456 4660 1)
469 4608 513 4677 (l).
