3568 5620
408 542 447 600 ll
520 525 524 532 ¹
903 555 995 598 eurus
1017 555 1037 597 1.

408 691 615 786 magnilica
630 691 756 780 domo,
786 691 958 763 Lutetiae
978 691 1064 781 sita,
1088 690 1127 761 in
1149 690 1215 763 via
1241 711 1338 783 quae
1361 715 1377 758 o
1409 711 1476 762 rue
1491 690 1537 762 de

407 829 445 901 la
461 826 667 899 Corroierie
688 850 707 896 r>
730 824 940 915 dicebatur,
962 847 1086 918 pauca
1105 830 1259 898 enarrat
1278 825 1439 920 scriptor
1451 824 1538 918 qui-

410 963 512 1050 dam,
536 959 775 1032 Guilebertus
802 959 997 1031 Mettensis
1025 958 1193 1048 nomine,
1216 959 1282 1053 qui
1311 958 1539 1052 descriptio-

411 1117 497 1167 nem
519 1093 703 1183 Lutetiae,
726 1099 909 1187 regnante
933 1093 1066 1165 Carolo
1085 1093 1148 1177 Vl,
1168 1093 1381 1187 composuit
1395 1094 1422 1164 ¹.
1440 1091 1538 1164 Gui-

411 1229 591 1318 lebertus,
613 1226 681 1320 qui
697 1225 842 1335 scribae
863 1231 983 1299 artem
1002 1225 1319 1322 (transcribente,
1337 1231 1381 1298 ut
1400 1226 1480 1319 ipse
1500 1248 1539 1299 se

411 1361 518 1455 dicit)
538 1360 690 1432 videtur
709 1360 935 1450 exercuisse,
954 1365 991 1432 et
1018 1359 1197 1432 librarius
1223 1359 1297 1431 iuit
1316 1359 1424 1432 ducis
1444 1360 1540 1432 Bur·

410 1495 576 1589 gundiae
596 1501 622 1584 ²,
645 1493 894 1566 Laurentium
906 1493 1085 1586 cognovit
1104 1493 1204 1565 inter
1218 1493 1427 1566 familiares
1442 1493 1540 1565 divi-

411 1629 460 1700 tis
480 1628 553 1700 viri
570 1628 742 1721 Borean,
765 1649 925 1720 magnas
944 1627 979 1699 ei
999 1628 1131 1700 laudes
1157 1627 1306 1717 tribuit,
1328 1633 1366 1700 et
1388 1627 1542 1721 propria

411 1783 529 1833 manu
549 1760 848 1855 pulcherrimum
872 1761 1066 1854 exemplar
1089 1759 1253 1833 Centum
1280 1759 1536 1850 novellarum,

410 1896 558 1990 gallice,
581 1895 822 1988 transcripsit
836 1893 862 1966 ³.
895 1881 1017 1968 Testis
1037 1894 1155 1988 igitur
1179 1895 1338 1969 idoneus
1360 1900 1398 1969 et
1411 1895 1541 1988 gravis

412 2035 560 2125 poterat
578 2051 660 2102 esse
675 2029 934 2120 GuilebertuS,
956 2030 1058 2123 quod
1090 2030 1139 2101 ad
1168 2052 1247 2102 rem
1269 2035 1438 2104 nostram
1453 2029 1542 2102 atti-

413 2169 490 2252 net,
508 2164 549 2234 ni
569 2185 704 2256 parum
725 2164 934 2256 loquacem,
958 2162 1059 2236 haul
1084 2185 1124 2235 se
1143 2164 1395 2258 praestitisset
1414 2165 1440 2238 ⁴.

462 2297 612 2369 Bureau
631 2298 677 2369 de
693 2297 971 2392 Dampmartin,
994 2319 1215 2390 quanquam
1245 2299 1377 2371 multis
1391 2298 1542 2371 disten-

413 2437 476 2504 tus
496 2431 671 2523 negotiis,
693 2431 822 2503 doctos
841 2431 944 2503 viros
959 2431 1082 2502 libens
1103 2431 1141 2502 in
1153 2432 1308 2504 domum
1325 2454 1435 2504 suam
1450 2430 1543 2503 reci-

413 2566 543 2660 piebat
570 2570 607 2637 et
632 2565 794 2658 pecunia
822 2565 1020 2654 tolerabat,
1052 2568 1096 2636 ut
1114 2565 1162 2636 ad
1190 2565 1297 2637 varia
1317 2587 1432 2658 opera
1452 2565 1543 2638 ani—

416 2722 521 2771 mum
550 2721 642 2772 eura
669 2698 830 2770 liberum
858 2697 1109 2788 intenderent,
1141 2720 1239 2791 quae
1271 2698 1436 2771 loannes
1464 2698 1543 2771 dux

416 2832 631 2925 Biturigum
654 2831 715 2904 vel
734 2831 832 2904 alius
853 2832 1027 2925 princeps
1053 2836 1268 2926 appeteret3
1300 2832 1355 2904 sic
1383 2832 1543 2905 callidus

414 2967 529 3038 homo
547 2966 713 3059 potentis
744 2965 895 3059 patroni
913 2965 1076 3058 gratiam
1099 2987 1137 3037 se
1158 2966 1346 3048 initurum
1360 2988 1442 3039 esse
1458 2988 1542 3060 spe-

416 3101 539 3172 rabat.
563 3100 620 3172 lta
639 3100 772 3172 saltem
792 3120 853 3171 res
872 3104 957 3171 acta
976 3104 1033 3171 est
1052 3121 1139 3171 eum
1160 3098 1390 3174 Laurentius
1417 3100 1543 3194 dupli-

454 3432 461 3464 ¹
483 3430 601 3484 Lercux
614 3430 652 3484 de
667 3431 759 3497 Liocy
774 3433 806 3484 et
821 3430 997 3498 Tisseraud,
1012 3428 1101 3482 Paris
1116 3436 1144 3482 et
1158 3447 1202 3484 ses
1218 3430 1380 3485 historiens
1403 3447 1441 3484 au
1463 3430 1508 3484 XI
1513 3430 1544 3484 Vr

417 3524 445 3572 et
467 3535 506 3572 au
531 3517 594 3572 xre
609 3519 697 3572 siecle
723 3518 815 3589 (Har.
829 3521 896 3587 φάη.
920 3519 956 3571 de
979 3518 1078 3584 Paria,
1100 3523 1120 3575 t.
1141 3521 1256 3589 XXlll),
1279 3536 1331 3588 pp.
1352 3520 1405 3574 ll7
1426 3525 1542 3588 etseq.

417 3610 513 3663 Docto
530 3609 749 3662 commentario
764 3609 899 3662 editores
924 3609 1164 3676 descriptionem
1178 3610 1259 3663 illam
1275 3611 1494 3678 instruxerunt,
1506 3624 1544 3663 ex

417 3712 478 3766 quo
501 3711 580 3765 quae
606 3702 777 3764 sequuntur
800 3698 1001 3766 sumpsimus,
1016 3699 1199 3765 praesertim
1215 3713 1253 3752 ex
1273 3699 1350 3766 App.
1363 3700 1401 3752 Vl
1415 3696 1477 3766 (pp.
1491 3697 1544 3751 319

316 3786 318 3790 ’
418 3785 538 3854 etseq.)
554 3789 586 3840 et
597 3787 648 3839 Vll
665 3785 726 3853 (pp.
739 3784 789 3837 aar
805 3789 837 3839 et
852 3786 944 3854 sea).

453 3873 464 3907 ²
484 3873 536 3943 Op.
550 3873 612 3940 cil,
628 3889 657 3942 p.
671 3874 734 3928 lat.

452 3963 463 3997 ³
483 3964 621 4031 Arsenal,
636 3963 704 4017 eod.
716 3962 796 4017 5070.
810 3964 928 4017 Leroux
939 3965 977 4018 de
991 3965 1083 4032 Lincy
1096 3965 1294 4019 simulacrum
1310 3965 1406 4019 edidit
1420 3965 1544 4018 ultimae

418 4054 549 4121 paginae
562 4053 643 4107 illius
657 4052 785 4120 codicis,
796 4067 825 4119 p.
840 4052 902 4106 lae.
1501 4125 1503 4130 Ι

453 4142 463 4175 ⁴
483 4144 565 4196 loter
577 4142 722 4209 pulchras
737 4142 832 4195 aedes
845 4142 1224 4211 quae,Lutetiae,viatoris
1238 4145 1345 4198 oeulos
1361 4144 1493 4197 maxime
1506 4142 1544 4196 ad

419 4247 453 4286 se
468 4233 698 4298 convertebant,
711 4231 821 4284 domus
834 4231 864 4283 in
878 4246 939 4299 qua
953 4236 1027 4286 tune
1043 4233 1165 4286 vivebat
1182 4233 1362 4287 Laurentius
1376 4233 1424 4286 his
1436 4231 1544 4300 paucis

418 4323 521 4376 verbis
541 4321 742 4375 describitur:
759 4338 771 4368 r
796 4320 836 4374 Le
852 4321 902 4374 bel
923 4322 1024 4375 hostel
1041 4322 1079 4376 de
1097 4322 1214 4376 Borean
1228 4322 1436 4391 Dampmartin
1458 4336 1495 4375 en
1516 4322 1546 4375 la

418 4410 582 4478 Gourarie;
602 4410 705 4477 lequel
728 4409 856 4477 Burcau,
878 4413 965 4464 entre
987 4411 1034 4464 les
1054 4414 1158 4464 autres
1177 4412 1290 4465 choses
1313 4413 1351 4466 de
1376 4426 1433 4465 son
1452 4415 1544 4479 estat,

418 4501 516 4553 tenoit
531 4513 592 4564 ung
605 4501 698 4566 poete
721 4497 759 4550 de
780 4500 869 4562 grant
891 4499 1052 4567 auctorite,
1074 4500 1196 4566 appelle
1219 4501 1345 4554 maistre
1367 4501 1483 4554 Lerens
1506 4499 1544 4553 de

417 4589 553 4643 Premier
568 4586 632 4640 l'ait
645 4604 658 4634 u
676 4585 743 4656 (loc.
761 4584 824 4654 cit,
837 4600 867 4653 p.
881 4583 955 4653 lae).
