3598 5616
799 529 889 570 orror
910 529 952 573 ur.
1197 493 1202 500 ’
1307 513 1317 526 ”
1397 515 1436 574 99

361 658 512 731 Primus
531 679 618 750 ergo
646 658 836 744 Antonius
860 658 910 731 Le
933 659 1064 748 Maean
1089 659 1247 732 loannis
1266 660 1437 733 Boocacii

312 791 475 866 Centum
495 789 679 866 Novellos
700 793 748 865 ab
768 792 897 864 italica
917 792 956 863 in
971 793 1149 886 gallicam
1159 793 1330 888 linguam
1350 779 1438 867 con-

311 925 462 996 vertitt.
492 924 546 997 Ne
570 947 660 996 vero
695 925 840 1019 optima
868 925 972 998 illius
1008 927 1258 1000 translatione
1282 934 1439 1000 utamur

311 1081 386 1152 quo
401 1058 553 1131 facilius
573 1059 768 1131 Laurentii
789 1060 885 1132 vitia
903 1061 1162 1151 ostendamus,
1186 1083 1351 1156 aequum
1372 1063 1439 1135 vi-

312 1193 423 1265 detur
437 1192 574 1286 prioris
589 1193 828 1265 translatoris
850 1193 984 1265 merita
999 1199 1098 1265 recte
1112 1193 1295 1286 judicare,
1307 1216 1440 1268 erran-

313 1325 417 1419 tique
437 1325 592 1398 veniam
612 1327 715 1415 dare,
738 1325 804 1418 qui
824 1326 982 1419 triginta
997 1332 1035 1398 et
1054 1332 1207 1399 centum
1223 1327 1336 1400 annis
1351 1335 1440 1401 ante

314 1459 523 1530 Antonium
545 1459 596 1531 Le
616 1460 761 1548 Macen,
778 1460 988 1552 imparatus
1000 1461 1163 1532 arduum
1179 1483 1274 1555 opus
1289 1484 1440 1556 aggres-

314 1615 391 1684 sus,
415 1616 482 1686 pro
497 1593 599 1665 virili
616 1599 722 1687 parte
738 1599 890 1666 strenue
918 1588 1072 1687 operam
1093 1594 1250 1667 dederat
1275 1600 1318 1665 ut
1342 1595 1441 1668 Bec-

313 1727 407 1800 cooii
422 1727 561 1799 librum
580 1726 697 1799 Gallis
724 1728 846 1820 legere
865 1727 1006 1800 liceret.
1174 1727 1175 1730 ’

314 2053 436 2107 semper
450 2039 722 2093 commentationes
737 2038 867 2093 morales
883 2039 1013 2093 novellis
1028 2039 1070 2093 ab
1088 2039 1204 2094 editore
1217 2040 1353 2108 adiectas
1367 2042 1442 2096 omi-

315 2128 375 2193 sit;
392 2134 552 2197 praeterea
564 2129 737 2182 nominibus
753 2128 910 2196 inspectis,
928 2129 1027 2182 omnis
1040 2125 1190 2184 dubitatio
1206 2130 1332 2184 tollitur.

349 2217 357 2250 ¹
379 2217 422 2270 De
438 2200 564 2270 Centum
578 2215 708 2270 Novetlis
730 2218 846 2284 integre
872 2218 1028 2271 translatis
1053 2218 1103 2272 hic
1124 2222 1241 2272 tautum
1263 2219 1440 2288 loquimur;

314 2320 385 2360 nam
397 2319 415 2359 a
429 2307 613 2373 quibusdam
629 2307 707 2359 hanc
722 2311 773 2359 aut
789 2306 874 2359 illam
899 2307 1050 2360 novellam
1071 2307 1237 2374 separatim
1260 2309 1440 2362 translatam

315 2409 458 2450 essenon
475 2395 659 2463 infitiamur3
686 2397 777 2450 immo
791 2410 881 2449 unam
904 2395 1012 2450 saltem
1036 2395 1185 2450 novellam
1205 2410 1242 2451 eo
1259 2399 1348 2451 modo
1371 2403 1442 2452 ante
1554 2467 1555 2471 Ἰ

316 2485 477 2539 Antonium
492 2485 530 2539 Le
545 2485 652 2550 Macen
668 2484 760 2538 Gallis
780 2485 968 2552 propositam
986 2499 1065 2552 esse,
1076 2484 1256 2539 confirmare
1267 2499 1440 2554 possumus.

315 2574 467 2628 Novellam
493 2573 574 2627 euim
595 2573 730 2627 Boccaoii
745 2573 779 2636 V,
804 2571 821 2626 8
844 2573 1015 2627 invenimus
1038 2574 1067 2626 in
1089 2574 1166 2627 libro
1192 2574 1242 2643 qui
1266 2574 1443 2629 inscribitur

316 2679 328 2713 a
350 2661 485 2730 Comptcs
499 2678 665 2716 amcarcttac
681 2679 740 2731 par
756 2661 898 2715 Madame
912 2661 1027 2716 Jcaane
1042 2661 1138 2732 Flore,
1152 2664 1298 2717 touchant
1316 2663 1344 2717 la
1356 2664 1443 2732 puni·

315 2751 377 2804 tion
393 2765 453 2821 que
468 2751 540 2806 laiet
554 2751 654 2806 Venus
667 2752 704 2828 de
720 2752 808 2806 ceulx
818 2751 869 2818 qui
879 2756 1075 2806 contemnent
1089 2752 1312 2820 etmesprisent
1325 2753 1352 2806 le
1369 2767 1442 2820 vray

315 2854 421 2896 amour
437 2860 450 2888 v
466 2839 581 2908 (plures
594 2840 745 2895 editiones
767 2845 896 2908 exstant,
913 2840 1050 2894 Lutetiae
1066 2845 1096 2894 et
1113 2841 1248 2908 Lugduni
1264 2841 1441 2909 impressae,

316 2928 482 2984 annisl543
492 2935 523 2983 ct
534 2944 631 2998 scorp,
640 2930 769 2983 sortasse
785 2929 878 2983 etiam
892 2929 1095 2998 prius;nuper
1109 2930 1217 2984 iterum
1229 2931 1310 2998 typis
1321 2932 1443 2984 manda-

317 3025 365 3074 tus
377 3024 423 3074 est
436 3019 487 3073 ille
503 3019 635 3085 libellus,
652 3020 804 3085 Augustae
813 3018 1023 3082 Taurinorum,
1039 3017 1135 3087 l870);
1147 3019 1274 3073 fabellae
1284 3020 1443 3073 translatio

317 3123 374 3163 nee
388 3109 551 3176 Laurentii,
568 3122 625 3162 nec
645 3108 765 3161 Antonii
790 3108 912 3177 Verere,
929 3121 985 3161 nec
1000 3108 1120 3162 Antonii
1149 3109 1186 3162 Le
1209 3108 1314 3174 Maean
1341 3109 1441 3162 lectio·

318 3212 386 3251 nem
401 3198 502 3265 reteri,
526 3203 557 3251 et
581 3198 749 3251 seeundum
770 3197 904 3251 italicum
925 3197 1035 3251 librum
1056 3197 1193 3252 conferta
1214 3212 1282 3252 esse
1305 3197 1443 3266 pluribus

317 3287 438 3342 indiciis
450 3292 576 3355 apparet
590 3287 724 3348 (nomina
738 3285 892 3354 Nastapio,
907 3286 1000 3339 Paulo
1016 3287 1141 3341 formam
1158 3287 1290 3342 italicam
1302 3300 1443 3340 servave-

318 3381 397 3442 runt,
414 3380 444 3430 et
458 3377 517 3430 alia
531 3375 680 3443 quaedam
707 3392 719 3426 <‹
738 3361 891 3428 italicismi
915 3392 928 3426 r
946 3375 1157 3429 inveniuntur:
1185 3375 1337 3444 t’infcticc,
1359 3375 1443 3427 chose

318 3463 451 3518 horrtbte
462 3469 490 3517 et
502 3463 813 3532 stupende);ceterum
827 3464 967 3532 pluribus
980 3465 1054 3518 locis
1065 3465 1230 3519 translator
1240 3467 1443 3520 narrationem

318 3555 411 3608 libere
426 3553 644 3622 interpretatus
672 3557 720 3606 est
734 3558 765 3607 et
778 3553 872 3607 auxit.
890 3582 922 3592 -
945 3552 1041 3606 Alium
1059 3557 1160 3607 autem
1186 3553 1324 3608 libellum
1347 3556 1385 3609 ab
1412 3557 1441 3608 l.

318 3643 437 3697 Mabille
453 3647 720 3696 commemoratum
738 3640 794 3702 (La
808 3643 884 3709 steat-
900 3641 935 3694 dc
948 3643 1200 3695 toatcsnoaoeltes
1213 3658 1375 3711 compesces
1383 3660 1444 3713 par

317 3731 416 3784 lehara
437 3731 613 3786 Boccare...
643 3731 868 3786 nouvellement
892 3731 1005 3784 traduit
1028 3733 1066 3786 de
1090 3733 1213 3786 l'italien
1237 3747 1275 3787 eu
1301 3732 1441 3802 franceis

319 3821 411 3890 Paris,
427 3819 508 3885 1547,
524 3819 612 3886 inid)
628 3820 715 3874 avide
731 3820 785 3874 sed
801 3820 911 3874 frustra
925 3823 1093 3875 consectati
1109 3836 1226 3887 sumus,
1244 3823 1285 3875 ita
1297 3826 1331 3875 ut
1343 3828 1443 3876 utrum

318 3911 547 3966 translationem
564 3911 685 3965 Antonii
698 3908 739 3964 Le
751 3909 856 3974 Macen
870 3910 940 3976 (Jam
950 3914 1021 3964 tunc
1032 3911 1155 3976 editam)
1166 3911 1321 3979 repetierit
1331 3926 1442 3982 annon,

318 4000 483 4067 dijudicare
498 4013 557 4054 non
573 4000 735 4068 possimus.
