3598 5616
388 507 445 566 lot
874 523 964 564 carm
986 524 1024 564 nr.

387 677 494 726 mus:
524 653 590 747 qui
618 653 815 726 lectionem
840 652 872 724 Α
896 653 949 724 ito
974 653 1254 726 retractandam
1280 652 1442 742 curavit,
1468 676 1515 726 ea

387 791 538 860 lantum
559 791 684 859 monte
705 791 747 859 ut
766 786 935 859 Boocacii
963 786 1171 858 sententias
1191 786 1343 859 lidelius
1374 787 1514 859 redde-

386 926 455 1010 ret,
476 921 508 993 is
528 943 603 993 non
619 921 741 993 solum
763 919 957 1014 scriptoris
976 941 1071 1028 opus
1091 920 1216 1014 ipsum
1236 920 1404 992 latinum
1424 926 1514 994 ante

386 1054 514 1126 oculos
533 1054 682 1143 habuit,
714 1054 778 1126 sed
798 1075 868 1125 nec
886 1057 1164 1125 commentatus
1193 1058 1262 1143 est,
1285 1074 1355 1126 nec
1374 1053 1515 1126 crebris

389 1187 613 1261 excursibus
627 1187 817 1296 dilatauit.
837 1185 914 1258 Hoc
934 1185 1051 1278 igitur
1071 1187 1194 1258 solum
1216 1191 1387 1280 superest
1413 1187 1515 1280 quod

389 1320 649 1414 exquiramus,
662 1325 791 1393 utrum
807 1318 917 1392 lectio
936 1318 969 1390 A
986 1317 1190 1393 Laurentio
1210 1319 1376 1398 adscribi
1395 1318 1515 1412 possit

389 1477 531 1528 annon.

438 1589 623 1676 Quamvis
642 1589 764 1660 multa
786 1587 865 1680 jam
885 1588 1087 1661 severitate
1115 1587 1161 1658 de
1182 1587 1304 1680 priore
1333 1587 1515 1660 librorum

390 1731 446 1799 De
467 1719 628 1801 Caribus
643 1721 892 1794 translatione
912 1721 1027 1794 locuti
1050 1721 1182 1810 simne,
1206 1720 1380 1793 acerbius
1399 1719 1515 1793 etiam

388 1857 557 1929 laborem
582 1855 685 1928 illius
710 1855 776 1949 qui
809 1855 950 1928 librum
980 1863 1036 1928 be
1065 1852 1190 1932 claris
1214 1851 1457 1956 Malieribcs
1476 1854 1515 1925 in

388 1990 566 2084 gallicam
590 1989 761 2082 linguam
781 1989 969 2061 convertit
1000 1989 1246 2083 judicandum
1270 2011 1351 2061 esse
1387 2010 1517 2061 cense-

390 2146 488 2196 mus.
512 2123 575 2196 llle
591 2123 692 2195 enim
708 2144 777 2195 neo
792 2122 953 2195 latinam
963 2123 1135 2216 linguam
1150 2129 1250 2195 recte
1265 2123 1513 2216 intelligebat,

390 2279 459 2330 nec
477 2257 613 2350 gallico
632 2277 804 2330 sermone
824 2257 1013 2330 luculente
1025 2257 1226 2330 scribebat.
1242 2258 1348 2344 Quod
1369 2257 1400 2330 si
1420 2257 1517 2330 Lau-

391 2391 537 2463 rentius
557 2391 610 2463 sic
631 2390 799 2464 Boccaoii
827 2413 922 2484 opus
946 2391 1184 2481 reddidisset,
1206 2391 1405 2464 latendum
1420 2395 1519 2464 esset

391 2548 477 2600 eum
499 2525 596 2597 nihil
626 2525 825 2618 proiecisse
846 2568 891 2577 —
911 2531 954 2596 ut
982 2526 1150 2598 modeste
1173 2525 1377 2618 loquamur
1399 2567 1445 2577 -
1471 2546 1518 2598 ex

391 2681 466 2753 quo
479 2658 687 2752 longiorem
704 2658 871 2753 ejusdem
884 2658 1077 2752 scriptoris
1090 2658 1231 2731 librum
1245 2659 1515 2732 transtulisset.

392 2793 566 2866 Ceterum
587 2792 672 2864 stilo
694 2815 769 2885 quo
785 2815 877 2865 usus
897 2797 954 2865 est
983 2793 1169 2886 interpres
1200 2793 1293 2866 libri
1308 2801 1364 2868 De
1394 2789 1520 2870 Clort's

391 2923 627 2999 Melioribus
646 2948 723 2998 nou
747 2926 847 2999 nihil
870 2927 970 2999 inest
993 2927 1138 3020 saporis
1163 2927 1404 3021 antiquioris,
1425 2928 1519 3000 adeo

392 3067 436 3134 ut
454 3061 581 3155 plures
605 3082 736 3132 eorum
756 3060 821 3153 qui
844 3061 990 3134 codices
1013 3061 1129 3154 hujus
1158 3060 1281 3155 operis
1304 3061 1520 3155 descripse-

391 3199 495 3282 runt,
509 3198 666 3265 exeunte
682 3193 806 3266 seculo
822 3194 905 3266 XlV
916 3193 1125 3266 conlectam
1137 3216 1218 3266 esse
1228 3195 1518 3269 translationem

396 3327 541 3421 opinati
558 3324 669 3399 siut¹.
694 3327 762 3399 Cui
780 3327 934 3421 quidem
952 3327 1094 3421 judicio
1106 3329 1352 3402 vehementer
1370 3331 1520 3404 obstare

393 3483 469 3534 non
489 3461 710 3554 ignoramus
730 3461 1046 3555 subscriptionem
1060 3462 1189 3556 paullo
1212 3467 1302 3535 ante
1317 3465 1516 3558 prolatam,

395 3595 436 3667 ni
458 3595 552 3666 iorte
572 3616 674 3667 anno
694 3594 809 3666 llCDl
826 3596 1173 3689 transcriptionem,
1192 3619 1268 3669 non
1295 3598 1520 3671 translatio-

392 3750 481 3801 nem
497 3728 634 3822 ipsam,
657 3729 705 3800 ad
734 3728 852 3801 linem
872 3730 1094 3823 perductam
1113 3751 1194 3802 esse
1224 3729 1516 3824 intelligamusl.

432 4023 436 4054 ¹
459 4022 488 4074 P.
505 4021 598 4074 Paris,
618 4019 686 4074 Mes.
709 4021 821 4089 franc,
838 4022 871 4089 V,
887 4037 916 4090 p.
930 4021 1001 4090 1213
1024 4021 1091 4078 Cat.
1118 4022 1202 4076 codd.
1220 4021 1296 4077 Mur.
1324 4023 1402 4078 Brit.
1420 4024 1519 4096 (4734),

395 4125 444 4181 pp.
456 4109 508 4164 290
520 4111 568 4173 (de
581 4112 648 4164 eod.
667 4109 712 4178 ld,
729 4109 762 4178 G,
780 4110 812 4179 V)
826 4116 858 4164 et
871 4110 925 4164 304
937 4109 985 4172 (de
1000 4111 1105 4165 codiee
1117 4111 1162 4180 20,
1180 4113 1212 4177 C,
1225 4113 1270 4176 V).

428 4201 439 4234 ²
460 4201 587 4254 ltatuno
602 4201 764 4266 legendum
778 4204 875 4254 esset:
904 4219 917 4250 (ι
938 4201 1085 4254 translate
1104 4200 1141 4254 de
1164 4201 1237 4255 latin
1253 4217 1291 4258 en
1314 4203 1454 4270 francols.
1479 4205 1521 4259 En

393 4291 451 4345 l’on
467 4290 505 4343 de
523 4303 612 4355 grace
639 4288 888 4357 llco1,acomp1i
913 4290 940 4344 le
968 4300 1026 4343 x11⁰
1044 4291 1112 4356 jom·
1127 4291 1165 4344 de
1186 4291 1414 4360 Septembre„
1435 4312 1448 4343 o
1476 4293 1520 4346 Ad

394 4380 473 4434 hane
487 4379 661 4446 opinionem
674 4393 732 4432 oon
749 4377 942 4432 mediocriter
965 4393 1021 4432 nos
1035 4379 1163 4446 impellit
1185 4381 1434 4448 elegantissimus
1454 4383 1520 4438 cod.

393 4469 427 4523 fr.
444 4467 506 4535 598,
523 4482 613 4536 quem
630 4467 794 4535 Biturigum
823 4467 902 4534 duci,
924 4482 1029 4522 mense
1056 4467 1220 4536 februario,
1244 4484 1323 4525 anno
1346 4471 1461 4527 MCDllI
1482 4473 1522 4536 (id

394 4563 442 4612 cst
457 4555 537 4618 teob
555 4556 663 4611 obtulit
684 4555 817 4610 loannes
840 4556 878 4610 de
902 4557 930 4611 la
953 4556 1041 4611 Berre
1065 4555 1105 4618 (P.
1123 4557 1218 4626 Paris,
1244 4574 1291 4629 op.
1311 4557 1375 4628 rit,
1398 4561 1432 4628 V,
1449 4560 1521 4631 121),
