3598 5616
395 551 452 610 102
567 617 570 622 ,
881 567 972 609 csrur
994 565 1032 609 iv.

439 771 570 860 lcyline
587 769 628 837 dc
642 771 751 840 Julian
767 774 896 839 Booncc
913 771 943 838 le
960 771 1045 839 livre
1057 771 1116 839 des
1133 772 1277 840 leniores
1290 796 1519 850 renommees,

393 875 557 944 translate
574 875 614 944 de
635 877 716 944 latin
738 901 780 944 eu
807 878 971 960 l'rancois,
993 902 1035 944 en
1053 878 1119 945 l’an
1145 877 1186 944 do
1208 902 1311 968 grace
1328 879 1387 945 mil
1412 879 1521 947 CCCC

391 994 425 1050 ct
442 1007 500 1062 uir,
522 984 667 1074 aconrpli
679 983 710 1051 le
726 995 780 1052 xu⁰
796 987 877 1074 'jour
893 984 933 1052 de
955 985 1167 1075 Septembre,
1191 985 1335 1052 soulizle
1357 997 1466 1076 temps
1479 986 1520 1053 de

392 1101 460 1158 tres
482 1089 582 1157 noble
602 1101 637 1157 et
651 1100 720 1158 tres
741 1091 895 1180 puissant
914 1101 947 1158 et
962 1091 1126 1159 redoubtd
1146 1092 1263 1182 prince
1284 1091 1425 1160 Cltarles
1445 1095 1522 1172 Vr,

392 1199 466 1288 lloy
481 1196 522 1263 do
540 1198 670 1264 Franco
685 1207 717 1264 et
737 1198 803 1264 duc
823 1197 864 1264 do
881 1198 1129 1268 Normendie¹.
1145 1256 1173 1270 ..

441 1432 567 1505 Facile
586 1432 722 1525 conjici
742 1439 890 1528 poterat
909 1433 1171 1524 Laurentium,
1189 1439 1392 1528 postquam
1412 1435 1520 1528 pric-

395 1589 474 1638 rcm
494 1565 678 1639 librorum
693 1565 755 1638 De
788 1564 948 1640 Casibus
968 1537 1258 1640 translationem
1287 1568 1516 1662 perfecisset,
1549 1656 1552 1662 Ι
1604 1630 1607 1636 ,

393 1699 484 1772 huic
503 1721 602 1771 ucrc
623 1700 743 1772 labori
764 1723 844 1773 sese
857 1700 1082 1790 accinxisse,
1100 1724 1176 1794 quo
1196 1723 1272 1774 non
1289 1702 1417 1774 minus
1432 1724 1519 1775 eum

392 1833 644 1927 aequalesque
660 1834 869 1907 oblactatos
886 1856 967 1906 esse
982 1834 1159 1924 scimus2,
1179 1857 1266 1906 oum
1292 1835 1332 1907 in
1356 1857 1399 1908 ec
1420 1837 1521 1909 Boc-

392 1967 532 2057 cactus,
552 1967 651 2038 sieut
670 1967 709 2038 in
736 1967 903 2060 longiore
932 1972 1110 2056 tractatu,
1134 1968 1316 2042 historiae
1345 1969 1459 2042 simul
1483 1972 1521 2041 et

393 2099 586 2173 doctrinae
609 2101 761 2173 moralis
782 2122 937 2174 severos
952 2107 1172 2195 praeceptor
1186 2109 1381 2196 appareat.

443 2234 514 2305 Sed
535 2234 719 2306 adversus
739 2234 995 2327 conjecturam
1015 2234 1120 2306 illam
1136 2235 1266 2307 valida
1277 2243 1516 2331 argumenta,

289 2391 292 2396 ·
393 2373 437 2440 ut
452 2367 561 2439 nobis
576 2367 740 2456 videtur,
759 2366 916 2461 allegari
936 2374 1108 2461 possunt,
1130 2391 1229 2462 quae
1244 2370 1377 2462 paucis
1392 2370 1519 2442 vorbis

393 2500 456 2573 hic
481 2501 700 2573 referemus.
723 2501 952 2574 Laurentius
980 2502 1122 2574 scilieet
1150 2524 1348 2596 nunquam
1381 2526 1519 2576 nomen

396 2634 658 2707 suum-omisit
679 2635 717 2706 in
744 2635 1105 2728 transcriptionibus
1133 2657 1290 2730 operum
1310 2659 1409 2731 quae
1434 2660 1517 2727 nos,

394 2768 434 2839 in
454 2770 526 2840 hac
545 2768 823 2859 dissertatione,
847 2769 1115 2864 detinuerunt;
1139 2770 1257 2842 immo
1280 2772 1438 2844 nomina
1452 2795 1521 2845 eo-

394 2924 479 2972 rum
494 2902 634 2995 quibus
654 2901 779 2974 dicata
794 2907 915 2992 crant,
929 2908 997 2974 aut
1012 2905 1113 2996 apud
1132 2925 1227 2997 quos
1242 2884 1322 2997 ipse
1345 2929 1361 2974 r<
1384 2906 1520 2998 hospes
1541 2883 1543 2887 ’

394 3034 649 3106 etfamiliaris
666 3058 683 3104 u
700 3034 862 3123 vixerat,
880 3041 1012 3128 gratus
1028 3057 1176 3130 semper
1189 3038 1425 3128 enunciavit,
1444 3059 1520 3109 non

395 3167 584 3239 salumin
615 3165 760 3238 ultimis
789 3168 901 3240 annis
930 3168 1047 3259 vitae,
1079 3170 1144 3240 sed
1168 3169 1245 3262 jam
1274 3171 1517 3280 anno'lllCD,

394 3324 487 3374 cum
501 3302 663 3394 priorem
679 3301 864 3372 librorum
880 3299 940 3373 Dc
958 3300 1115 3374 Casibus
1134 3305 1423 3376 translationem
1443 3305 1519 3377 ab-

395 3436 570 3508 solveret.
593 3435 784 3524 Praetera,
802 3456 889 3506 oum
910 3435 949 3507 in
961 3437 1162 3528 prooemiis
1183 3437 1263 3510 suis
1277 3437 1394 3510 libros
1414 3437 1518 3531 ejus-

393 3571 480 3641 dem
500 3568 779 3663 scriptorisjam
800 3591 823 3640 a
839 3591 878 3641 se
893 3569 932 3640 in
943 3569 1122 3662 gallicum
1137 3592 1349 3643 sermonem
1365 3594 1521 3645 conver-

431 3899 437 3933 ¹
460 3899 531 3953 God.
548 3899 583 3952 fr.
602 3897 699 3968 12120,
716 3899 736 3952 t.
754 3897 806 3952 167
821 3913 920 3966 verso,
938 3887 969 3955 et
983 3902 1049 3956 eod.
1066 3902 1154 3956 Brux.
1170 3902 1189 3955 f.
1205 3900 1278 3968 164;
1304 3900 1395 3971 hujus
1408 3901 1522 3958 codicis

394 3988 630 4055 descriptionem
646 3988 734 4044 nobis
759 3989 868 4042 doctus
883 3990 928 4043 vir
945 3989 1042 4045 Bactra
1067 3991 1354 4046 benevolentissime
1377 3991 1521 4060 suppedi-

394 4077 478 4131 tavit.

430 4167 441 4201 ²
460 4166 654 4221 Laurentium
670 4167 794 4235 saepius
812 4167 868 4222 hoo
880 4168 956 4224 libro
971 4178 1061 4224 usum
1086 4184 1156 4224 esse
1172 4169 1315 4238 diximuS,
1337 4184 1366 4238 p.
1378 4169 1425 4224 51.
1438 4170 1521 4235 Quod

395 4271 465 4310 vero
479 4256 516 4310 ad
531 4256 664 4310 illustres
678 4257 817 4312 codicum
835 4263 1005 4313 nostrorum
1020 4272 1215 4328 possessores
1238 4259 1355 4328 attinet,
1371 4260 1448 4314 haec
1462 4274 1521 4316 non

395 4345 563 4399 omittenda
585 4359 763 4400 censemus:
789 4347 856 4400 cod.
882 4348 917 4401 fr.
941 4346 994 4401 133
1018 4347 1161 4402 Ludovici
1191 4348 1357 4414 Brugensis
1381 4349 1446 4417 luit,
1470 4347 1523 4404 598

394 4435 519 4489 loannis
544 4434 707 4502 Biturigum
729 4436 826 4504 ducis,
843 4434 895 4490 599
917 4436 1086 4490 Ludovtcae
1107 4437 1145 4490 de
1169 4437 1328 4505 Sapaudia.
1344 4436 1416 4491 1120
1435 4438 1523 4493 toan·

396 4524 443 4577 nis
466 4523 692 4578 Aurelianensis
715 4523 990 4593 (Dupcnt-Ferrier,
1012 4525 1065 4580 loe.
1092 4525 1154 4592 cit,
1173 4541 1203 4593 p.
1216 4523 1270 4594 60),
1295 4525 1385 4580 12120
1410 4528 1522 4582 drrcum

396 4613 596 4681 Burgundiae.
