3598 5616
758 543 847 586 carur
868 545 900 585 n.
1355 525 1395 584 59

262 678 467 772 diligenter
494 677 727 766 emendavit,
751 681 794 747 ut
815 697 861 747 ex
900 675 1033 768 rapida
1067 674 1267 747 collatione
1301 674 1394 747 satis

263 812 444 885 constatl.
469 811 744 904 Lugdunenses
764 803 853 882 vero
873 808 1102 903 typographi
1123 809 1287 903 priorem
1315 809 1395 882 edi-

263 947 419 1036 tionem,
456 967 533 1017 non
559 945 693 1039 paucis
729 949 868 1016 temere
895 943 1066 1034 mutatis,
1105 944 1222 1016 secuti
1257 949 1347 1016 sunt
1365 957 1390 1016 2.

314 1081 483 1153 Alteram
522 1079 811 1152 translationem
857 1078 1003 1172 primus
1047 1078 1151 1174 typis
1194 1079 1395 1152 mandavit

263 1217 427 1287 loannes
447 1214 492 1285 de
513 1214 626 1286 Prato
646 1212 783 1306 (laban
810 1213 862 1284 du
893 1212 992 1306 Pro),
1022 1212 1261 1301 Parisiensis,
1285 1213 1393 1306 eujus

263 1348 385 1421 nitida
405 1353 442 1419 et
460 1347 613 1440 elegans
628 1345 744 1418 editio
763 1345 823 1418 die
843 1345 890 1417 26
907 1346 1049 1418 mensis
1065 1345 1277 1436 Februarii,
1291 1367 1393 1418 anno

264 1480 361 1555 4483
395 1481 529 1576 (idest
554 1479 665 1574 4484)
695 1481 744 1552 ad
770 1479 887 1552 linem
913 1481 1095 1574 perducta
1116 1485 1184 1551 est.
1209 1479 1291 1551 Non
1307 1501 1394 1552 me-
1456 1461 1461 1469 ’

264 1615 402 1689 diocris
431 1614 613 1687 momenti
639 1614 749 1686 nobis
778 1614 905 1686 visum
934 1620 992 1686 est
1024 1614 1220 1708 exquirere
1258 1614 1393 1706 quanti

264 1748 439 1822 iacienda
467 1749 518 1820 sit
536 1747 660 1841 prima
687 1747 752 1819 illa
783 1748 968 1820 uberioris
994 1747 1256 1820 translationis
1276 1753 1394 1841 typo·-

264 1882 447 1976 graphioa
477 1882 607 1972 editio,
634 1903 720 1954 cum
750 1888 880 1975 postea
912 1886 1057 1954 ceterae
1085 1881 1270 1953 editiones
1295 1881 1393 1952 nibil

265 2017 371 2089 aliud
397 2017 476 2088 sint
502 2016 577 2088 nisi
604 2016 720 2110 hujus
746 2038 884 2107 merae,
918 2016 1141 2110 plerumque
1178 2020 1390 2109 corruptae,

266 2150 509 2224 imitationes.
533 2150 697 2223 loannes
723 2150 768 2222 de
798 2151 910 2224 Prata
937 2150 1030 2222 satis
1058 2150 1258 2244 diligenter
1284 2149 1393 2222 codi-

265 2307 346 2358 cem
374 2286 579 2379 quemdam
606 2285 937 2358 transcribendum
964 2285 1126 2374 curavit,
1157 2307 1235 2356 non
1263 2289 1391 2356 tamen

265 2420 364 2492 inter
392 2419 555 2513 optimos
586 2420 865 2491 numerandum
878 2417 902 2508 ³,
930 2440 999 2491 nec
1027 2420 1120 2491 adeo
1149 2418 1321 2514 religiose
1349 2422 1393 2490 ut

266 2553 462 2627 Laurentii
483 2553 682 2626 translatio
708 2575 827 2647 aeque
847 2552 1009 2646 judicari
1030 2553 1149 2647 possit
1167 2554 1215 2626 ab
1242 2575 1285 2625 eo
1310 2554 1389 2647 qui,

266 2687 492 2781 contemptis
530 2687 735 2777 codicibus
776 2687 940 2760 editione
979 2688 1058 2760 sola
1086 2683 1291 2782 uteretur⁴3
1326 2688 1392 2761 sed

265 2983 381 3038 veniret
392 2981 438 3053 (L.
454 2983 578 3048 Delisle,
594 2982 616 3051 l,
633 2997 662 3051 p.
677 2981 747 3052 449;
765 2983 818 3038 cir.
837 2997 892 3036 van
910 2984 1007 3051 Praei,
1023 2982 1207 3036 liecberches
1227 2998 1280 3035 sur
1304 2981 1393 3036 Locis

266 3072 302 3125 dc
317 3073 440 3141 Bruges,
456 3072 602 3141 Lutetiae,
616 3070 707 3134 4834).

301 3163 309 3196 ¹
331 3161 396 3217 Non
416 3162 515 3216 solum
543 3162 626 3216 enim
652 3163 746 3217 verba
769 3163 883 3217 omissa
909 3162 939 3216 in
966 3162 1071 3216 codice
1095 3168 1318 3231 supponuntur,
1339 3163 1393 3217 sed

266 3256 297 3306 et
314 3251 439 3306 assidue
471 3251 568 3318 prima
601 3251 694 3306 verba
729 3252 822 3306 latina
854 3251 1048 3319 periodorum
1089 3252 1282 3306 translationi
1315 3252 1393 3306 inse·

266 3345 381 3396 runtur.
558 3345 563 3354 '

301 3429 312 3464 ²
332 3429 434 3484 Lectio
449 3429 540 3498 igitur
554 3431 738 3499 optimorum
754 3432 893 3485 codicum
907 3431 1017 3500 prioris
1031 3431 1239 3486 translationis
1248 3431 1292 3490 tir.
1302 3429 1354 3484 597
1364 3435 1394 3486 et

265 3517 366 3588 24289)
378 3533 533 3589 nunquam
548 3519 631 3574 edita
644 3526 702 3575 est.
729 3521 880 3586 Quantum
903 3521 1068 3575 erraverint
1082 3521 1132 3590 qui
1154 3520 1184 3574 in
1200 3521 1262 3575 illis
1283 3521 1394 3575 codici-

265 3609 323 3662 bus
338 3609 485 3663 contineri
513 3615 675 3664 censerent
699 3609 896 3665 relectionem
921 3610 1046 3664 alterius
1067 3611 1285 3678 translationis,
1302 3624 1391 3677 quam

265 3698 373 3752 Petrus
396 3698 490 3752 Faber
518 3699 651 3767 quidam,
677 3713 756 3753 anno
778 3698 858 3767 4458,
884 3699 1113 3768 maturavisset,
1128 3700 1242 3767 optime
1257 3699 1318 3767 jam
1342 3700 1393 3754 de·

266 3787 446 3842 monstravit
460 3789 497 3842 Α.
516 3788 626 3856 Hortis,
643 3787 743 3852 studi,
760 3802 810 3856 pp.
827 3788 881 3842 643
894 3789 1023 3856 (adnot.)
1039 3794 1071 3843 et
1084 3788 1146 3843 823.

301 3872 428 3931 ³Codex
454 3890 473 3930 a
495 3877 610 3931 loanne
637 3878 675 3930 de
702 3864 791 3932 Prato
821 3879 1023 3946 transcriptus
1061 3879 1200 3932 eamdem
1230 3878 1391 3933 lectionem

266 3965 433 4033 praebebat
446 3980 482 4020 ac
509 3965 662 4033 magnifici
678 3967 801 4021 codices
813 3967 848 4020 ir.
863 3966 916 4021 428
931 3968 1052 4033 (librum
1071 3968 1201 4036 primum
1215 3967 1259 4021 De
1274 3966 1393 4022 Casibus

265 4053 437 4122 continens)
453 4059 485 4109 et
497 4053 586 4109 20086
603 4059 758 4125 (quattuor
773 4057 897 4110 ultimos
909 4056 1004 4111 libros
1020 4057 1205 4124 continens),
1221 4056 1393 4125 splendidis

265 4143 393 4210 picturis
409 4143 516 4200 ornati.
535 4144 618 4208 Quae
641 4144 733 4199 lectio
754 4145 885 4213 priorem
904 4146 1056 4200 Laurentii
1083 4163 1095 4196 a
1117 4147 1302 4214 prologum»
1333 4160 1392 4201 non

265 4233 408 4302 continet,
435 4233 516 4287 unde
539 4234 627 4288 facile
649 4235 826 4301 intelligitur
840 4249 895 4289 cur
909 4236 1053 4303 prologus
1071 4235 1122 4289 ille
1137 4250 1292 4305 nunquam
1314 4236 1393 4304 typis

266 4322 428 4377 mandatus
442 4322 491 4391 sii,
508 4323 567 4376 nisi
584 4337 681 4391 nuper
696 4323 733 4377 ab
750 4324 851 4378 Attilio
869 4325 980 4379 Hortis.

300 4409 311 4443 ⁴
331 4411 478 4479 Codices,
492 4425 620 4481 quorum
641 4413 731 4467 lectio
753 4414 884 4467 maxima
908 4413 967 4468 ride
994 4414 1112 4468 videtur
1132 4413 1233 4484 digna,
1254 4419 1333 4484 sunt,
1363 4415 1392 4468 in

265 4500 341 4555 Brut.
356 4503 461 4555 Arsen.
477 4501 544 4555 cod.
561 4500 642 4570 5493,
658 4502 696 4556 de
716 4516 776 4571 quo
799 4503 1040 4571 supradiximus
1056 4503 1095 4571 (p.
1119 4502 1163 4571 55,
1180 4505 1250 4558 adn.
1264 4505 1303 4572 4),
1319 4509 1349 4559 et
1361 4505 1390 4559 in

266 4589 329 4644 Rib.
345 4589 409 4645 Nat.
429 4591 495 4644 cod.
513 4589 548 4644 ir.
565 4589 627 4644 226.
