3598 5616
747 556 836 599 clrur
858 556 889 601 n.
1342 545 1377 604 61

310 772 376 816 une
392 748 547 819 doctrine
564 751 620 840 qui
638 749 689 817 fot
705 754 724 817 a
743 751 818 818 leur
836 751 982 832 salut...,
996 775 1129 821 commo
1146 765 1380 823 ostant...non

256 857 448 924 seulement
467 857 559 946 plein
578 859 638 944 (so.
655 857 833 947 l'ouvrage
849 857 890 925 de
908 859 1071 950 Boccace)
1089 860 1130 926 de
1151 861 1380 952 philosophie,

256 964 343 1029 mais
373 963 465 1030 aussi
492 963 624 1054 remply
645 963 885 1032 d'instruetion
906 976 975 1032 tres
1000 967 1217 1035 chrestienne
1243 979 1275 1036 et
1295 993 1382 1036 con-

255 1069 395 1138 duisant
415 1075 434 1137 d
453 1070 486 1138 la
506 1071 560 1138 vie
581 1071 756 1138 e'ternelle.

279 1315 527 1388 ·Boccacinm
549 1315 665 1409 igitur
690 1339 713 1388 a
738 1316 872 1410 primis
897 1318 1012 1390 seculi
1032 1319 1100 1389 XV
1129 1320 1241 1391 annis
1261 1342 1381 1414 nsque

174 1523 180 1532 ,
256 1450 305 1521 ad
333 1449 492 1522 alteram
516 1454 662 1543 partem
686 1451 801 1523 seculi
831 1451 1065 1545 insequentis
1085 1453 1179 1525 Galli
1210 1456 1381 1528 venerati

256 1588 347 1656 sunt
370 1589 556 1677 tanquam
577 1590 751 1656 austerae
777 1585 970 1658 doctrinae
993 1587 1149 1659 moralis
1167 1595 1383 1682 praecepto-

255 1739 349 1790 rem.
373 1718 466 1805 Quis
486 1723 599 1812 neget
618 1718 867 1791 Laurentium
901 1719 947 1791 dc
981 1720 1189 1793 Primolato
1218 1723 1382 1795 multum

255 1851 423 1925 valuisse
439 1858 482 1924 ut
498 1851 657 1946 scriptor
672 1853 787 1926 talem
810 1853 953 1926 lamam
965 1855 1280 1948 consequeretur?
1305 1856 1382 1928 Hoc

257 1985 391 2058 saltem
415 1990 575 2076 constat,
603 1987 752 2058 nullum
769 1986 937 2060 Boccacii
958 1987 1112 2078 librum,
1135 2010 1178 2069 eo
1198 1994 1379 2083 tempore,

257 2120 379 2213 magis
403 2120 644 2213 divulgatum
668 2142 749 2193 esse
775 2144 892 2215 quam
917 2126 1123 2195 tractatum
1159 2122 1382 2196 historicum

256 2259 294 2326 et
327 2255 508 2327 moralem
536 2262 592 2330 Dc
629 2252 810 2338 Casibus·
845 2278 949 2345 nam,
980 2260 1024 2328 ut
1054 2279 1178 2350 pauca
1210 2258 1383 2352 exempla
1424 2269 1426 2274 '

171 2405 177 2412 ·
258 2387 507 2480 proferamus
549 2389 749 2462 lamiliaris
786 2389 943 2483 quidam
981 2395 1018 2462 et
1041 2391 1383 2486 historiographus

258 2523 398 2595 ducum
429 2522 686 2616 Burgundiae,
719 2524 901 2618 Georgius
934 2524 1172 2599 Castellanus
1199 2527 1245 2598 de
1277 2526 1384 2598 Alost
1473 2523 1476 2529 ’

257 2655 522 2743 (iloni-1475)
558 2656 729 2729 libellum
774 2658 986 2751 composuit
1032 2659 1263 2756 inscriptum
1304 2683 1321 2730 n
1350 2661 1383 2731 le

258 2791 397 2884 templo
413 2791 458 2863 de
475 2790 615 2864 Bocaee
637 2816 671 2880 i),
695 2814 808 2885 quern
828 2814 905 2864 non
935 2793 1187 2866 imitationem
1215 2800 1381 2885 tantum,

259 2926 324 2996 sed
361 2925 686 2998 continuationem
719 2927 846 3020 potius
884 2928 1012 3020 operis
1046 2927 1215 3000 Boccacii
1230 2899 1384 3001 'vocare

259 3058 384 3150 licet¹;
409 3059 600 3132 Antonius
615 3060 661 3132 de
677 3060 731 3132 La
746 3059 866 3152 Salar,
889 3061 1062 3134 Clemens
1081 3063 1239 3153 Marot³,
1262 3062 1385 3136 Ludo—

260 3193 345 3265 vica
365 3193 503 3282 Labor,
526 3192 607 3286 ipse
637 3183 862 3267 Brantdmc⁵
891 3218 967 3267 non
998 3196 1127 3268 minus
1155 3197 1254 3269 idem
1289 3219 1384 3291 opus

259 3349 375 3420 quam
410 3327 513 3421 ipsas
558 3332 718 3406 Centum
768 3326 954 3404 Novellos
1001 3329 1140 3402 imitati
1185 3336 1275 3410 sunt
1318 3336 1385 3403 aut

259 3466 665 3534 commemoraverunt.

308 3596 435 3668 Gallos
474 3595 602 3689 igitur,
639 3595 861 3689 praesertim
902 3599 1027 3671 seculo
1064 3599 1149 3688 XV,
1180 3599 1287 3673 libris
1327 3609 1384 3677 De

262 3726 421 3807 Casibus
454 3729 553 3801 inter
582 3729 751 3802 Boccacii
787 3752 902 3824 opera
944 3731 1144 3825 praecipue
1180 3734 1385 3806 oblactatos

297 4061 304 4094 ¹
326 4059 457 4127 Georges
471 4059 666 4127 Chastellain‚
689 4059 813 4113 OEucree
825 4061 884 4127 (ed.
901 4061 935 4115 K.
956 4062 994 4114 de
1010 4060 1210 4132 Lettenhove;
1233 4066 1290 4118 voi.
1310 4064 1382 4134 Vll).

296 4149 307 4183 ‘²
328 4150 400 4204 Geni
413 4149 505 4203 Nouo.
522 4149 627 4218 Noua,
643 4149 770 4204 XXVIll.

297 4243 307 4275 ³
326 4240 490 4307 Praecipue
506 4239 536 4293 in
551 4239 651 4306 elegia
669 4239 746 4292 XXII
761 4239 810 4306 (de
823 4240 838 4294 J
846 4281 851 4292 .
872 4240 910 4294 de
925 4240 1144 4312 Semhlancay).

297 4326 307 4360 ⁴
327 4329 360 4382 ln
375 4329 513 4383 discursu
528 4330 550 4383 V
574 4327 676 4396 operis
692 4329 739 4382 eui
758 4329 864 4383 titulus
879 4328 972 4382 Debai
984 4330 1019 4382 de
1034 4329 1106 4398 [otte
1126 4335 1155 4384 et
1170 4331 1306 4386 d'amour
1327 4333 1383 4400 (ed.

261 4417 407 4487 Lugduni,
420 4416 501 4485 1824,
516 4433 545 4486 p.
562 4416 608 4474 381
622 4419 722 4472 locum
738 4418 899 4484 quemdam
914 4418 980 4472 libri
994 4417 1017 4483 1,
1027 4433 1053 4475 e.
1065 4419 1100 4473 18
1110 4421 1247 4476 Boccncii
1260 4422 1309 4492 (de
1324 4438 1388 4478 mu-

261 4507 348 4561 liebri
360 4507 522 4574 lenocinio)
538 4506 654 4560 imitata
668 4511 715 4561 est
730 4507 760 4560 L.
777 4507 867 4561 Labe.

297 4595 308 4628 5
332 4595 381 4650 Vic
397 4597 446 4649 des
461 4596 562 4650 dames
579 4595 726 4665 potantes,
743 4596 870 4664 passim.
