3598 5616
357 538 396 598 54
847 551 938 595 cucur
959 553 991 594 11.

357 712 443 762 rum
461 688 660 761 historiam
681 686 865 777 narravit,
883 691 921 759 et
939 687 1095 758 lectores
1109 686 1243 780 paucis
1262 689 1486 760 exhortatur

357 823 405 896 ad
424 821 663 916 patientiam,
694 844 780 894 cum
800 825 953 915 repente
981 821 1118 914 longus
1143 821 1252 894 adest
1276 821 1484 894 infelicium

357 957 461 1046 orda,
485 955 551 1051 qui
578 957 798 1050 scriptorem
828 959 964 1049 urgent
990 959 1034 1026 ut
1060 954 1229 1048 ipsorum
1249 956 1485 1030 calamitates

358 1092 397 1163 iu
432 1090 655 1163 memoriam
689 1089 889 1162 hominum
923 1087 1082 1183 redigat.
1111 1089 1212 1161 lnter
1238 1111 1301 1162 eos
1328 1089 1481 1180 DanteS,

357 1245 470 1318 quem
490 1245 639 1318 semper
658 1223 873 1312 Boccacius‚
891 1227 934 1295 ut
958 1223 1198 1316 magistrum,
1222 1224 1393 1296 maxima
1413 1247 1486 1296 ve-

358 1358 553 1431 neratione
573 1358 754 1446 coluerat,
777 1355 997 1450 scriptorem
1017 1357 1237 1451 alloquitur,
1260 1379 1338 1429 non
1358 1363 1485 1430 tamen

359 1498 401 1566 ut
419 1515 486 1586 pro
516 1513 555 1564 se
574 1492 656 1585 ipso
680 1512 810 1586 preces
836 1489 1034 1564 effundat:
1070 1491 1166 1564 irato
1195 1492 1306 1564 vultu
1325 1493 1486 1565 Gualte-

356 1627 458 1730 rium
484 1627 722 1699 Athenarum
751 1625 898 1715 ducem,
923 1625 989 1719 qui
1014 1625 1243 1698 Florentinis
1272 1626 1485 1699 libertatem

358 1761 526 1834 adimere
545 1764 773 1850 tentaverat,
789 1758 975 1852 discipulo
991 1781 1059 1832 suo
1078 1759 1236 1849 indicat,
1260 1765 1304 1832 nt
1322 1765 1487 1856 tyranno

358 1899 581 1991 perpetuam
600 1893 800 1967 infamiam
820 1893 968 1966 alferat.
988 1894 1228 1989 Respondere
1248 1895 1332 1967 vult
1350 1895 1488 1968 Bocca-

360 2029 454 2120 ciua
477 2029 542 2100 sed
560 2028 640 2123 jam
655 2027 814 2100 evanuit
828 2027 983 2100 Dantes

410 2164 616 2257 Postquam
636 2163 708 2234 hoc
726 2163 841 2234 breve
861 2161 1090 2255 colloquium
1113 2163 1361 2236 transtulerat
1388 2164 1488 2236 Lau-

361 2297 520 2387 rentius,
577 2297 729 2390 longam
784 2294 931 2368 addidit
974 2297 1347 2388 commentationem,
1395 2297 1488 2370 satis

362 2431 536 2526 imperite
569 2431 623 2503 eis
661 2452 759 2524 quae
791 2452 906 2524 supra
938 2430 1116 2524 leguntur
1147 2431 1425 2526 conjunctam,
1448 2431 1487 2503 in

362 2587 438 2659 qua
478 2565 668 2637 Lutetiam
702 2564 854 2637 venisse
897 2564 1038 2637 Dantes
1076 2564 1227 2655 dicitur,
1262 2565 1329 2637 uhi
1361 2566 1488 2658 plures

362 2700 558 2772 mirandas
582 2719 641 2771 res
667 2698 819 2790 viderit,
838 2704 898 2788 et,
921 2703 1095 2792 poemate
1122 2698 1281 2770 loannis
1312 2699 1358 2772 de
1382 2700 1487 2794 Mag·

362 2833 465 2905 duno
497 2832 560 2904 oui
586 2831 721 2904 titulus
750 2830 905 2904 Rumon
938 2828 983 2903 de
1013 2828 1050 2903 la
1080 2829 1180 2904 Rosa
1214 2832 1376 2926 cognita,
1400 2833 1488 2904 inde

364 2963 613 3040 comoediam
648 2987 757 3038 suam
796 2960 1066 3038 derivaveriti.
1108 2965 1251 3038 Deinde
1284 2966 1490 3038 translator

362 3101 602 3173 Athenarum
622 3100 729 3172 ducis
748 3121 880 3172 casum
899 3095 1154 3194 aggreditur³.

411 3234 470 3306 hh
512 3233 639 3328 aliquo
671 3234 782 3323 libro,
818 3233 885 3306 uhi
924 3233 1059 3305 Dantis
1103 3233 1225 3305 vitam
1270 3238 1487 3306 enarratam

363 3368 565 3458 invenerit,
597 3367 846 3440 Laurentium
866 3369 960 3440 haec
993 3371 1211 3439 mutuatum
1242 3389 1324 3440 esse
1352 3389 1488 3461 parum

398 3616 406 3650 ¹
429 3615 531 3670 Altera
546 3613 703 3668 translatio
722 3613 832 3680 capitis
844 3611 880 3666 23
892 3614 922 3681 (l.
933 3613 982 3678 IX)
996 3611 1042 3665 sie
1054 3610 1260 3667 concluditur:
1277 3630 1290 3662 a
1303 3611 1378 3664 Mais
1391 3624 1409 3664 a
1421 3624 1490 3678 pre·

362 3709 432 3760 sent
446 3706 515 3774 plus
530 3718 568 3758 ne
584 3704 667 3774 parle
682 3707 719 3760 de
735 3705 776 3759 lui
802 3701 852 3773 (se.
870 3701 1004 3757 Gaultier
1019 3701 1078 3755 duc
1091 3699 1278 3770 d’Athenes),
1296 3714 1348 3756 car
1364 3715 1403 3755 ou
1420 3698 1490 3754 cha·

363 3795 441 3864 pitre
455 3794 615 3849 ensuivant
626 3795 656 3862 je
679 3798 857 3862 compteray
878 3792 948 3860 plus
972 3791 1142 3858 largement
1157 3805 1212 3846 son
1235 3804 1298 3845 cas.
1315 3809 1327 3841 »
1345 3791 1400 3844 Hic
1414 3794 1487 3844 tuno

304 3897 306 3902 ·
363 3883 540 3940 Laurentius
554 3884 680 3939 ulterius
694 3883 810 3938 addidit
826 3879 905 3944 (vide
920 3881 1007 3949 infra,
1024 3896 1053 3949 p.
1071 3881 1115 3950 55,
1128 3896 1156 3935 n.
1169 3879 1211 3949 l):
1224 3899 1238 3930 a
1251 3881 1330 3935 Pour
1343 3894 1379 3935 ce
1395 3883 1491 3934 toute·

363 3975 521 4043 votasque
538 3974 568 4042 je
582 3987 619 4042 ay
636 3974 721 4042 paule
735 3974 773 4027 de
789 3973 867 4026 Dant
882 3970 973 4025 noble
995 3975 1084 4038 poete
1098 3971 1250 4038 florentin,
1271 3970 1371 4025 savoir
1394 3969 1491 4024 aldert

364 4078 423 4132 que
438 4067 543 4131 cestuy
556 4063 658 4117 Dant..
672 4105 694 4131 .,
710 4067 771 4118 etc.
784 4106 788 4117 .
802 4107 807 4117 .
836 4081 845 4108 r

399 4153 540 4208 ²Locum
573 4156 669 4206 totum
702 4153 740 4206 ab
774 4149 881 4204 Attilio
915 4149 1016 4203 Hortis
1050 4149 1164 4202 editum
1207 4148 1345 4202 invenies
1378 4145 1488 4216 (studi,

364 4259 393 4312 p.
410 4241 472 4311 626,
488 4241 539 4311 a),
556 4255 615 4296 non
632 4245 732 4296 tamen
748 4241 813 4295 sine
828 4239 968 4308 pluribus
988 4238 1108 4292 mendis
1129 4252 1186 4292 nec
1200 4238 1369 4292 secundum
1383 4238 1489 4292 lectio-

364 4347 432 4388 nem
449 4331 554 4400 optimi
569 4330 684 4385 codicis
699 4332 805 4384 Arsen.
824 4327 905 4396 5193,
922 4329 960 4382 de
975 4341 1034 4394 quo
1050 4327 1117 4381 vide
1132 4327 1210 4382 inira
1222 4342 1251 4395 p.
1266 4326 1311 4394 55,
1328 4341 1357 4380 n.
1368 4326 1396 4380 l.

400 4421 410 4454 ³
430 4420 483 4475 llis
498 4419 598 4474 verbis
620 4419 800 4474 Laurentius
813 4418 905 4472 finem
922 4416 1007 4472 dedit
1021 4416 1186 4470 narrationi
1203 4415 1347 4470 historiae
1362 4415 1467 4469 Dentis
1484 4431 1489 4468 :

366 4531 378 4563 a
400 4512 440 4567 Or
461 4509 541 4564 vueil
562 4509 592 4577 je
613 4509 768 4577 donoques
782 4507 901 4562 venira
922 4510 1058 4574 compter
1073 4505 1101 4560 le
1116 4519 1169 4560 cas
1190 4507 1228 4559 de
1250 4503 1384 4559 Gaultier
1401 4504 1491 4559 nohle

364 4605 424 4655 duo
439 4599 612 4653 d'hthenes.
637 4616 648 4647 a
