3598 5616
357 493 430 552 108·
836 510 997 554 condrusto.

355 639 460 714 aleae
473 637 514 734 l),
532 638 793 734 auxiliumque
808 639 1190 734 petieritamonacbo
1204 641 1370 748 quodam
1391 640 1482 713 Are-

354 775 449 866 tino,
468 774 550 846 viro
570 773 750 847 mediocri
779 774 930 869 ingenio
950 775 1122 869 praedito
1139 782 1177 849 et
1196 774 1381 870 politioris
1403 776 1483 849 hu—

357 908 554 982 manitatis
581 908 740 1002 experti,
764 908 895 981 multis
928 910 976 982 ab
1003 909 1117 983 annis
1140 909 1381 1004 divulgatum
1411 915 1479 982 est.

359 1043 432 1115 Sed
460 1064 574 1137 quem
603 1042 802 1116 habuisset
833 1043 979 1117 exitum
1006 1044 1239 1116 consortium
1273 1044 1367 1116 illud
1393 1043 1483 1117 novi

356 1176 518 1270 generis,
537 1175 748 1271 quantique
773 1177 947 1251 iacienda
975 1184 1073 1250 esset
1099 1177 1299 1251 translatio
1318 1183 1397 1250 tam
1426 1177 1485 1250 in-

359 1309 468 1382 solito
487 1308 564 1381 ritu
583 1309 753 1383 conlecta
772 1311 870 1383 male
890 1310 1060 1405 plerique
1087 1311 1401 1402 aestimaverunt,
1418 1311 1484 1405 qui
1506 1351 1509 1358 .

221 1513 229 1526 ,
338 1442 588 1515 veditionibus
618 1447 767 1514 tantum
804 1444 878 1533 usi,
914 1466 991 1516 non
1024 1444 1072 1516 iis
1100 1444 1293 1518 codicibus
1326 1444 1392 1537 qui
1415 1443 1483 1516 soli

359 1577 565 1671 genuinam
595 1576 795 1650 lectionem
823 1579 947 1672 operis
971 1583 1186 1668 servarunt,
1214 1578 1260 1650 de
1288 1575 1484 1649 Laurentii
1552 1577 1556 1588 '

362 1710 608 1782 translatione
641 1733 806 1805 aequum
834 1712 1020 1806 judicium
1048 1712 1169 1784 lacere
1193 1733 1270 1782 non
1294 1715 1481 1804 poterant.

360 1844 436 1916 Nos
456 1866 544 1916 vero
559 1866 657 1937 quae
677 1844 772 1918 tides
792 1847 1010 1919 adhibenda
1024 1851 1123 1919 esset
1141 1845 1334 1918 codicibus
1354 1849 1392 1917 et
1405 1844 1486 1917 edi-

361 1977 529 2050 tionibus
556 1978 753 2051 ostendere
781 1979 907 2052 conati
937 2002 1083 2069 sumne,
1110 1984 1148 2052 et
1175 1978 1297 2073 primo
1326 1981 1484 2052 Centum

361 2106 616 2184 Novellcrom
645 2113 862 2185 translatori
888 2112 1088 2186 infamiam
1116 2113 1328 2202 detrahere,
1350 2117 1394 2184 ut
1416 2133 1487 2185 ae-

361 2267 481 2338 quum
496 2249 566 2334 est,
580 2246 743 2318 velimus
756 2269 765 2340 3
780 2247 846 2339 qui
861 2247 933 2319 etsi
947 2247 1209 2340 imperfectum
1224 2268 1333 2341 opuS,
1347 2246 1487 2319 enebris

363 2379 512 2451 mendis
540 2385 577 2453 et
603 2381 783 2455 maximis
810 2381 1002 2453 erroribus
1029 2357 1284 2454 deformatum
1312 2379 1484 2470 ediderit,

363 2514 411 2586 ab
440 2514 702 2608 indiligentiae
730 2520 859 2588 tamen
888 2517 999 2609 culpa
1024 2538 1170 2588 vacuus
1203 2515 1367 2589 videtur.
1390 2514 1487 2602 Quid

364 2648 468 2740 novi,
490 2649 582 2742 quid
602 2648 727 2740 faceti,
747 2649 840 2743 quid
866 2650 1023 2722 audacis
1042 2651 1184 2723 inesset
1202 2649 1299 2722 libro
1319 2648 1487 2723 Boooaoii

364 2783 593 2856 Laurentius
613 2806 689 2855 non
719 2784 751 2856 is
769 2789 851 2857 erat
877 2783 944 2877 qui
973 2785 1200 2878 intelligeret
1229 2789 1267 2857 et
1294 2786 1483 2878 probaret.

364 2916 620 2991 Nihilominus
642 2921 801 2992 Centum
820 2915 1005 2993 Novellos
1025 2941 1141 3012 quam
1171 2917 1342 2990 manime
1367 2917 1489 3012 potuit

364 3050 546 3124 fidelitate
562 3052 803 3146 interpretari
823 3075 901 3124 non
916 3052 1118 3125 recusavit.
1138 3052 1202 3123 1116
1217 3056 1344 3125 autem
1364 3074 1432 3145 per
1450 3073 1489 3125 se

317 3211 319 3218 ·
365 3182 492 3276 ipsum
511 3185 659 3259 efficere
673 3209 750 3258 non
770 3186 948 3259 valuitut
962 3185 1188 3278 aequalibus
1208 3185 1287 3257 suis
1307 3184 1489 3279 majorem

365 3318 651 3392 delectationem
668 3322 835 3410 alierret,
847 3342 934 3392 oum
950 3321 1049 3393 inter
1057 3341 1205 3410 sensus,
1220 3318 1376 3414 judicia,
1388 3339 1490 3414 mys-

367 3453 556 3547 ticamque
582 3454 697 3528 fidem
728 3456 929 3528 hominum
956 3455 1060 3527 illius
1087 3455 1238 3545 aetatis,
1267 3454 1489 3558 praesertim

367 3588 405 3659 in
426 3587 561 3677 Gallia,
584 3594 621 3661 et
641 3590 810 3662 Boooaoii
827 3611 1022 3684 procacem
1042 3589 1162 3661 risum
1177 3594 1490 3681 terrenarumque

366 3744 493 3795 rerum
512 3745 695 3814 amorem,
713 3723 834 3796 nimia
848 3728 948 3796 esset
968 3721 1184 3796 diversitas.

417 3857 551 3930 Seculo
566 3858 633 3929 XV
649 3857 777 3952 igitur,
793 3857 937 3931 facetus
950 3862 1124 3930 narrator
1143 3855 1369 3929 florentinus
1390 3855 1493 3949 apud

367 3991 529 4086 majores
554 3996 703 4064 nostros
731 3992 874 4064 lamam
901 3990 1001 4064 docti
1031 3995 1069 4063 et
1092 3990 1215 4063 severi
1240 3987 1492 4083 praeceptoris

367 4126 545 4216 obtinuit,
580 4125 720 4219 quiex
751 4125 940 4198 indefesso
972 4129 1144 4198 veterum
1171 4128 1208 4196 et
1240 4122 1492 4196 recentiorum

286 4276 288 4282 ’
368 4261 567 4334 annalium
583 4260 708 4333 studio
730 4259 842 4332 utilia
861 4260 963 4332 vitae
983 4260 1212 4332 documenta
1230 4255 1493 4351 exprompsis-

368 4402 436 4470 set.
460 4396 654 4482 Quantum
675 4415 764 4466 vero
784 4393 890 4466 illam
911 4393 1080 4466 Boooaoii
1100 4393 1243 4464 famam
1264 4389 1493 4463 Laurentius

367 4527 624 4624 divulgaverit
657 4527 750 4601 satis
783 4549 853 4599 nos
886 4526 1096 4600 ostendisse
1128 4526 1341 4620 credimus3
1377 4545 1493 4619 quam
