3598 5616
363 511 402 570 86
844 527 935 570 ctrur
956 528 999 569 ru.

411 658 510 746 Quid
528 659 575 731 de
606 657 770 752 Centum
795 655 972 734 Novella
999 679 1023 730 a
1049 659 1253 731 Laurentio
1274 660 1320 733 de
1349 659 1495 733 Primo-

364 791 440 864 iato
463 792 598 886 gallice
618 792 814 866 translatis
840 792 1090 886 judicandum
1120 792 1363 885 arbitremur,
1389 817 1494 868 nunc

363 927 521 1000 fortasse
541 927 678 1000 melius
697 931 868 1022 apparet.
897 926 1022 999 Unum
1048 933 1177 1000 tamen
1198 936 1370 1023 superest
1389 931 1491 1024 quod

363 1060 537 1133 omittere
566 1060 754 1133 nolimus:
790 1083 912 1154 pauca
938 1060 1041 1133 enim
1072 1061 1196 1134 dicere
1218 1062 1330 1156 juvat
1353 1064 1398 1136 de
1428 1085 1493 1136 ex-

363 1194 538 1268 cursibus
567 1194 642 1266 illis
672 1216 768 1288 quos
799 1194 1041 1285 Laurentius,
1078 1217 1181 1267 more
1210 1197 1334 1288 solito,
1365 1198 1492 1291 expla-

364 1328 483 1400 nandi
511 1333 548 1401 et
571 1327 854 1401 commentandi
881 1350 998 1401 causa
1024 1328 1193 1401 Boccacii
1218 1330 1315 1402 libro
1340 1330 1488 1425 adjecit.

365 1461 646 1555 Multoquidem
656 1462 852 1556 pauciores
863 1461 1069 1534 etminoris
1080 1464 1262 1536 momenti
1275 1469 1491 1558 suntquam

365 1617 461 1689 quos
483 1595 522 1666 in
542 1594 650 1667 libris
666 1595 713 1668 de
731 1593 887 1670 Casibus
908 1595 1140 1685 invenimus,
1159 1619 1249 1669 nam
1263 1598 1313 1670 ,in
1331 1602 1491 1674 Centum

364 1725 541 1804 Nouellis
561 1751 647 1800 raro
674 1729 837 1801 occurrit
863 1729 1006 1801 mentio
1027 1729 1210 1802 tactorum
1233 1736 1271 1803 et
1292 1731 1491 1805 nominum

364 1884 462 1956 quae
495 1863 544 1934 ad
573 1861 772 1934 historiam
805 1861 1033 1956 pertineant,
1066 1863 1191 1935 rarius
1223 1865 1340 1936 etiam
1366 1866 1491 1939 locum

365 1997 481 2069 habet
501 1996 705 2068 translator
723 1995 932 2068 disserendi
963 1997 1010 2068 de
1037 1996 1244 2070 virtutibus
1272 2021 1370 2092 quae
1403 2023 1492 2073 ma·
1551 2037 1554 2046 .

364 2129 466 2201 xime
494 2130 655 2222 probum
683 2128 810 2201 virum
828 2134 866 2201 et
894 2130 1117 2222 praesertim
1145 2132 1397 2206 christianum
1425 2135 1492 2207 de-

365 2267 462 2334 cent.
491 2260 565 2334 Sed
590 2285 665 2356 quo
692 2261 872 2355 pauciora
891 2268 1045 2335 exstant
1064 2263 1103 2334 in
1126 2268 1286 2340 Centum
1315 2265 1474 2341 Nouelli

365 2417 506 2498 pravae
540 2396 651 2468 istius
682 2396 968 2469 consuetudinis
997 2397 1172 2491 vestigia,
1204 2421 1247 2472 eo
1274 2401 1396 2495 magis
1428 2401 1491 2474 hic

365 2501 576 2623 colligentia
604 2535 706 2621 sunt,
729 2535 773 2602 ut
791 2529 988 2603 Laurentii
1008 2532 1194 2605 modestia
1214 2533 1254 2605 in
1274 2535 1346 2607 hac
1368 2540 1491 2608 trans-

365 2663 505 2737 latione
525 2666 637 2759 piane
653 2665 886 2741 ostendatur.

415 2798 555 2890 Primo,
586 2804 630 2871 ut
660 2798 816 2870 'minora
847 2799 1036 2892 quaedam
1074 2801 1304 2891 taceamus¹,
1345 2804 1490 2876 nullam

366 3079 379 3109 «
401 3059 457 3114 Les
472 3059 613 3114 lemmes.
626 3105 648 3115 ..
677 3064 730 3113 ont
754 3073 917 3128 apperoeu.
930 3101 953 3113 ..
974 3059 1012 3114 de
1027 3061 1056 3114 la
1069 3060 1160 3131 quele
1174 3063 1273 3130 partie
1288 3063 1326 3117 de
1340 3063 1421 3118 l’neil
1445 3065 1491 3119 les

364 3149 502 3203 hommes
518 3154 588 3202 sont
598 3163 616 3202 a
627 3149 780 3217 regarder,
792 3162 847 3217 par
862 3149 931 3216 quel
945 3149 1059 3217 mignot
1074 3151 1344 3219 guynaiementles
1355 3153 1492 3208 hommes

364 3243 433 3292 sont
447 3251 466 3291 a
480 3238 604 3292 attraire
614 3256 638 3301 n,
656 3237 707 3292 ubi
721 3238 772 3291 alii
786 3237 907 3292 codices
919 3239 997 3292 hano
1011 3253 1134 3310 quoque
1148 3240 1309 3296 lectionem
1324 3243 1489 3310 praebent:

363 3325 576 3396 quyqaiement
604 3325 890 3394 (guygnaiement‘l)
920 3329 968 3382 vet
997 3327 1202 3398 quiquemcat,
1233 3331 1313 3398 quod
1338 3332 1368 3386 in
1396 3333 1492 3387 altera

362 3416 561 3470 translatione
576 3416 755 3471 Laurentius
776 3418 927 3471 correxit:
945 3438 958 3466 «
980 3433 1017 3472 en
1038 3419 1185 3487 guignant
1200 3437 1224 3474 1.
1253 3420 1417 3476 Boccaoius
1440 3435 1489 3476 au·

363 3510 424 3560 tem
441 3504 491 3558 liic
505 3504 688 3573 scripserat:
713 3522 724 3555 α
747 3506 875 3560 sensere
892 3505 1069 3571 (mulieres).
1082 3551 1105 3562 ..
1131 3523 1191 3576 qua
1209 3510 1287 3563 oculi
1304 3516 1390 3578 parte
1405 3525 1490 3580 pros·
1564 3569 1567 3572 ,

363 3594 495 3665 piciendi
511 3593 573 3647 sint
587 3594 734 3661 homines,
751 3609 812 3663 qua
829 3595 945 3649 lubrica
965 3597 1199 3662 gesticulatione
1213 3599 1363 3656 trahendi.
1385 3619 1399 3650 n
1418 3597 1490 3656 Inde

362 3685 515 3751 colligitur
536 3688 656 3751 praeter
674 3684 768 3738 verba
790 3683 927 3753 quiqam,
943 3684 1138 3754 quiqnement
1160 3692 1233 3742 tunc
1246 3689 1276 3741 in
1294 3704 1349 3743 usu
1369 3704 1490 3760 quoque

362 3774 455 3828 tuisse
465 3771 639 3842 quiquayea
655 3774 702 3827 vel
721 3771 878 3842 quinuyer,
894 3773 1029 3842 quincta,
1044 3774 1264 3844 quittaiement,
1281 3778 1393 3846 quibus
1407 3779 1490 3834 blan-

363 3863 455 3916 ditiae
470 3862 780 3933 gesticulationesque
793 3863 1049 3930 significarentur.

401 3953 406 3986 ¹
429 3952 516 4006 Boeo.
533 3951 576 4018 (X,
593 3951 620 4010 9,
645 3953 751 4006 ultima
775 3951 896 4014 verbai:
922 3973 935 4004 «
960 3953 1062 4008 Cotale
1078 3955 1221 4023 adunque
1243 3957 1273 4010 fu
1296 3957 1316 4010 il
1336 3957 1396 4012 fine
1411 3958 1491 4013 delle

364 4041 430 4096 noie
444 4041 474 4095 di
491 4039 607 4095 uesser
621 4040 737 4095 Torello
752 4055 769 4095 e
782 4041 812 4094 di
827 4042 928 4112 quelle
941 4042 970 4094 di
988 4057 1045 4096 sua
1063 4057 1135 4096 cara
1155 4045 1268 4113 donna,
1285 4060 1302 4099 e
1324 4046 1344 4100 il
1373 4047 1491 4115 guider-

363 4131 441 4185 ‹lone
456 4131 535 4184 delle
551 4130 595 4183 lor
611 4128 681 4183 tiete
697 4144 713 4183 e
729 4135 831 4198 preste
845 4131 973 4186 cortesie
995 4147 1028 4199 »;
1054 4131 1142 4186 Laur.
1160 4149 1166 4186 ;
1193 4153 1206 4184 α
1228 4135 1310 4190 Teite
1335 4136 1490 4206 doneques

361 4219 392 4272 tu
403 4219 432 4273 13
445 4218 532 4273 tinde
544 4217 682 4273 l'onneur
697 4219 776 4285 (vide
791 4233 894 4288 supra,
908 4235 937 4288 p.
951 4219 994 4289 72)
1010 4225 1041 4274 et
1054 4221 1218 4276 courtoisie
1233 4238 1292 4294 qne
1306 4223 1367 4279 sire
1382 4225 1490 4279 l'horei

362 4307 414 4362 fist
427 4321 465 4362 au
479 4309 604 4363 souldan
621 4310 652 4361 et
669 4321 728 4360 aux
743 4307 836 4374 siens,
852 4313 884 4378 et
899 4309 936 4362 de
955 4309 1114 4364 l'honneur
1129 4316 1160 4365 et
1180 4313 1305 4380 prouffit
1318 4328 1377 4381 que
1397 4313 1449 4369 fist
1463 4314 1491 4368 le

362 4398 488 4451 sculdan
508 4384 601 4452 a'sire
617 4397 734 4466 Thoret
748 4402 778 4451 et
793 4398 864 4452 telle
876 4399 957 4453 aussi
974 4398 1003 4452 iu
1017 4400 1046 4452 13
1059 4400 1098 4452 tin
1119 4400 1174 4455 des
1189 4401 1295 4458 nobles
1309 4404 1491 4459 courtoisies

362 4487 489 4544 d'ieeulx
507 4487 584 4541 deux
602 4485 646 4548 (tr.
668 4485 721 4539 129
740 4502 746 4540 :
768 4487 798 4542 13
811 4487 861 4541 'fin
878 4489 933 4542 des
957 4503 1081 4557 nopces
1095 4489 1133 4551 ..l
1149 4495 1209 4545 eto.
1223 4533 1246 4545 ..
1273 4511 1286 4542 u
1319 4494 1492 4561 Sequuntur
1567 4499 1574 4510 '

362 4577 453 4632 etiam
473 4577 589 4644 aliquot
608 4577 780 4631 sententiae
806 4577 843 4632 de
869 4577 1042 4648 beneflciis,
1062 4579 1130 4634 vide
1144 4579 1222 4634 intra
1240 4596 1269 4650 p.
1287 4580 1331 4650 89,
1349 4581 1421 4638 nt.
1457 4611 1490 4625 --
