3598 5616
381 500 430 578 ,48
879 515 971 559 cruor
992 515 1024 556 u.

379 654 522 742 moles,
545 674 632 726 cum
647 651 800 724 assidue
819 651 1025 724 translator
1050 650 1182 745 longos
1201 672 1398 743 excursus,
1415 673 1516 724 nunc

391 787 603 877 historicos,
621 806 725 858 nuuc
734 784 1005 880 geographicas
1020 784 1235 876 inseruerit,
1247 791 1410 879 quorum
1426 795 1518 878 pouss

391 922 479 994 dere
497 920 667 993 boccacii
683 918 770 991 libri
790 919 946 991 omniuo
966 919 1194 991 obruuntur.

441 1056 536 1127 Cum
557 1054 597 1126 in
634 1054 715 1126 loco
747 1053 912 1146 quodam
939 1051 979 1146 (l.
1003 1051 1031 1143 1,
1063 1075 1094 1126 o.
1122 1050 1237 1150 xum),
1265 1057 1309 1125 ut
1336 1051 1518 1145 exemplis

392 1194 561 1279 utamur,
583 1187 787 1260 Boccacius
807 1187 953 1281 aliquot
968 1186 1171 1259 mulierum
1183 1186 1341 1260 nomina
1360 1191 1519 1260 etcasus

394 1324 487 1396 adeo
527 1322 694 1395 breviter
722 1320 1012 1393 memoravisset
1041 1363 1086 1372 —
1117 1319 1322 1416 Eriphylae
1363 1319 1516 1409 scilicet,

395 1458 557 1547 1166666,
589 1457 798 1545 Arachnes
835 1454 1010 1545 Amatae,
1048 1453 1198 1546 Scillae,
1242 1453 1517 1543 Semiramidis,

394 1597 468 1668 etc.
485 1653 516 1668 ..
540 1633 586 1643 -
606 1590 708 1662 utin
733 1589 926 1662 codicibus
946 1588 1048 1661 binis
1068 1589 1256 1661 columnis
1276 1588 1426 1682 scriptis
1448 1588 1522 1660 de-

394 1748 475 1798 cem
499 1730 567 1797 aut
588 1724 788 1797 duodecim
816 1744 950 1795 versus
978 1722 1046 1794 vix
1076 1723 1263 1817 impleret,
1293 1721 1522 1796 Laurentius

361 1917 365 1926 .
394 1882 525 1933 earum
541 1858 677 1951 cuique
693 1857 844 1947 institit,
862 1879 907 1929 ea
922 1857 1052 1930 omnia
1068 1878 1165 1950 quae
1184 1857 1231 1929 de
1251 1856 1326 1929 illis
1346 1856 1523 1929 omnibus

395 1994 596 2086 collegerat
623 1990 812 2085 exposuit,
833 1996 983 2083 tresque
1014 1991 1112 2063 altas
1139 1990 1257 2084 ampli
1290 1989 1430 2063 codicis
1454 2012 1524 2063 co-

395 2129 548 2199 lumnas
564 2124 836 2198 commentario
851 2124 1046 2218 replevitt.
1065 2123 1184 2218 Saepe
1200 2124 1299 2197 inter
1312 2124 1388 2196 duo
1398 2124 1525 2218 capita

396 2260 651 2356 productiora,
677 2258 818 2353 quibus
846 2279 906 2330 res
942 2258 1072 2352 magni
1112 2258 1296 2330 momenti
1325 2263 1524 2332 enarratae

396 2399 519 2486 erant,
535 2395 690 2466 brevem
709 2391 921 2465 infelicium
940 2392 1194 2484 quorumdam
1210 2393 1411 2494 hominum
1427 2391 1525 2464 indi-

331 2571 334 2578 ·
397 2551 477 2602 cem
502 2527 642 2621 raptim
659 2526 873 2599 inseruerat
894 2525 1110 2616 Boccacius,
1133 2547 1228 2619 quos
1258 2525 1432 2598 omittere
1450 2546 1526 2597 no-

396 2662 511 2752 lebat,
534 2683 611 2733 non
631 2660 685 2733 ita
703 2665 831 2732 tamen
847 2659 950 2731 utin
978 2659 1033 2731 eis
1061 2659 1129 2731 diu
1148 2665 1295 2733 mentes
1317 2659 1525 2762 legentium

397 2794 652 2889 deligerentur
665 2817 674 2890 ;
692 2792 921 2866 Laurentius
936 2798 1068 2865 contra
1078 2793 1263 2888 cujusque
1278 2816 1410 2866 eornm
1424 2793 1526 2866 vitas

397 2929 599 3023 diligenter
626 2928 795 3022 exponit.
819 2928 860 2998 ln
891 2927 987 3000 libro
1019 2927 1082 3018 Vl,
1115 2927 1222 3000 verbi
1245 2927 1384 3021 gratia,
1415 2932 1525 3021 post-

398 3085 514 3158 quam
536 3062 695 3156 scriptor
710 3062 882 3134 Caesaris
898 3067 936 3134 et
955 3062 1124 3155 Pompeii
1149 3062 1432 3136 contentionem
1445 3062 1527 3134 dii-

398 3196 481 3269 fuse
501 3200 702 3270 exsecutus
730 3200 788 3267 est
820 3195 868 3290 (6.
892 3195 957 3289 rx),
975 3200 1013 3266 et
1037 3200 1242 3289 antequam
1262 3195 1311 3266 ad
1333 3196 1382 3268 M.
1412 3193 1526 3267 Tullii

399 3353 529 3403 casum
550 3330 698 3402 veniret
712 3329 759 3423 (c.
787 3329 853 3423 16),
876 3334 992 3423 capnt
1010 3329 1202 3424 quoddam
1224 3329 1437 3423 composuit
1465 3329 1525 3402 cui

399 3464 555 3537 titulus:
581 3488 600 3533 ((
629 3464 766 3557 lugens
789 3468 945 3536 caterva
964 3463 1174 3535 dolentium
1201 3489 1221 3535 1)
1251 3463 1299 3558 (6.
1330 3464 1393 3560 x),
1414 3464 1454 3536 in
1482 3485 1526 3536 eo

435 3697 443 3730 ¹
465 3695 539 3752 Cum
554 3707 663 3749 nomen
676 3694 808 3749 occurrit
821 3694 859 3748 de
873 3707 933 3761 quo
944 3693 1007 3761 iam
1025 3699 1116 3748 antea
1127 3694 1308 3750 Laurentius
1325 3694 1478 3755 disseruit.
1488 3696 1527 3750 ad

399 3785 631 3840 antecedentem
646 3784 746 3838 locum
763 3783 869 3838 sedulo
892 3784 1031 3851 legentes
1047 3784 1193 3853 remittit;
1210 3784 1301 3839 sicin
1324 3785 1391 3840 loco
1409 3785 1447 3841 de
1465 3799 1528 3856 quo

400 3887 480 3929 nunc
494 3873 602 3942 agitur,
620 3885 688 3927 cum
701 3871 874 3927 nominatur
886 3871 1013 3939 Progne,
1026 3873 1191 3927 translator
1204 3873 1307 3928 addit:
1325 3893 1339 3923 (ι
1360 3888 1527 3932 ...6661616

397 3965 456 4033 j’ay
471 3963 518 4018 dit
534 3977 571 4017 ou
592 3962 783 4030 cinquiesme
802 3961 952 4029 cbapiltre
969 3962 1144 4030 precedent.
1167 3983 1177 4010 ι
1197 3991 1230 4001 -
1251 3962 1407 4018 interdum
1422 3964 1525 4033 etiam,

355 4048 358 4056 '
400 4051 934 4117 611666666166,6ο(616661611161;
960 4049 1108 4120 Eriphyle
1129 4051 1159 4104 in
1179 4049 1313 4106 Erudiee
1330 4052 1525 4108 convertitur.

399 4142 539 4197 Ceterum
555 4141 692 4196 Boccacii
707 4139 855 4210 quasdam
872 4141 1042 4195 sententias
1058 4146 1159 4195 servat
1171 4140 1363 4213 Laurentius,
1374 4156 1453 4212 quae
1464 4144 1525 4211 jam

400 4244 608 4300 supervacuae
622 4235 713 4284 suut:
734 4229 936 4284 (1616166616
958 4235 1097 4284 raconter
1118 4230 1148 4284 la
1170 4230 1327 4286 mauvaise
1350 4231 1390 4286 161
1413 4246 1474 4301 que
1492 4231 1527 4286 sst

400 4319 616 4377 Semiramis...
636 4339 660 4388 1,
673 4323 703 4373 61
717 4319 829 4373 nedum
845 4319 1007 4387 relinquat,
1020 4318 1128 4386 viginti
1144 4320 1315 4389 scripturae
1323 4335 1431 4376 versus
1440 4320 1479 4375 ad
1494 4321 1525 4375 id

399 4410 600 4465 adhibentur!
627 4437 658 4448 —-
673 4407 737 4463 Alio
750 4409 816 4463 loco
831 4408 962 4478 scriptor
980 4413 1015 4463 ut
1033 4408 1207 4475 ignoscatur
1230 4410 1375 4479 postulat,
1390 4410 1416 4466 si
1435 4411 1526 4465 nimis

401 4499 532 4555 breviter
558 4512 608 4554 res
635 4497 748 4552 multas
769 4498 965 4566 enarraverit,
989 4508 1066 4566 quas
1100 4501 1201 4552 tamen
1232 4499 1396 4555 translator
1417 4498 1526 4555 diffuse

401 4588 510 4644 refert!
