3598 5616
791 553 882 595 curor
903 553 935 594 11.
1389 539 1427 599 55
1464 589 1469 597 .

302 690 479 763 credibile
499 691 665 781 videtur,
693 690 759 762 sed
778 688 905 784 potius
920 711 943 762 a
956 711 1109 762 rumore
1129 690 1228 763 inter
1240 691 1428 765 litteratos

301 824 498 919 divulgato
522 830 561 897 et
575 846 666 898 voce
696 829 848 897 tantum
872 824 1026 897 tradite.
1055 825 1137 897 Non
1165 826 1289 898 solum
1323 827 1427 899 eninr

303 959 409 1032 nulla
428 959 539 1032 istius
559 959 719 1032 tabellae
748 957 910 1053 vestigia
932 959 972 1031 in
991 960 1067 1032 alio
1092 959 1262 1053 quolibet
1290 961 1428 1055 scripto

303 1093 466 1188 reperire
476 1099 546 1185 est,
558 1094 623 1166 sed
638 1115 722 1166 eam
732 1115 779 1166 ex
793 1093 995 1187 parisiensi
1004 1094 1121 1186 lonte,
1136 1117 1213 1167 non
1224 1098 1273 1168 ab
1285 1096 1426 1188 italica,

217 1327 219 1330 Ι
303 1228 508 1301 defluxisse
545 1233 662 1322 patet.
694 1228 816 1300 Laudi
854 1229 937 1300 dari
967 1251 1055 1323 ergo
1084 1230 1289 1302 Laurentio
1321 1231 1433 1305 debet

304 1361 405 1456 quod
430 1362 502 1433 hoc
529 1362 610 1434 loco
637 1361 783 1454 aliquid
813 1362 922 1434 nobis
948 1362 1147 1435 tradiderit
1170 1384 1300 1436 eorum
1333 1386 1432 1458 quae

304 1500 408 1586 tunc,
440 1495 624 1585 Lutetiae,
654 1495 825 1569 declaro
855 1501 967 1590 poeta
993 1497 1128 1587 Dante,
1162 1497 1202 1569 in
1235 1499 1432 1592 colloquiis

305 1628 702 1702 circumferebanturl.

851 1965 899 2048 lll

354 2230 436 2316 Qua
462 2228 615 2302 'ratione
641 2227 811 2300 Boceacii
845 2226 953 2298 libris
980 2225 1042 2299 De
1077 2224 1237 2299 Casibus
1258 2226 1431 2300 virorum

306 2360 519 2435 illustrium
541 2362 658 2434 semel
675 2367 790 2454 atque
811 2360 949 2432 iterum
982 2360 1257 2433 transterendis
1279 2361 1318 2432 in
1344 2362 1433 2455 gal-

306 2498 421 2570 licum
460 2518 673 2569 sermonem
716 2516 869 2589 operam
913 2494 1060 2567 dederit
1105 2494 1334 2568 Laurentius
1384 2496 1430 2568 de

305 2631 512 2704 Primofato
540 2631 801 2702 demonstrare
827 2629 1074 2702 tentavimus.
1094 2628 1296 2722 Reliquum
1316 2635 1432 2703 estut

235 2931 238 2936 ·
271 2903 276 2912 ⁴
339 2909 434 2967 ¹Non
461 2912 491 2965 in
517 2911 658 2966 omnibus
687 2910 843 2966 codicibus
865 2911 991 2964 alteram
1020 2910 1173 2963 Laurentii
1202 2911 1432 2968 translationem

304 3000 522 3070 praebentibus
548 3000 720 3055 continetur
744 3001 793 3054 bic
816 3001 901 3054 locus
921 2999 959 3052 de
984 2998 1089 3067 Dante,
1120 3003 1154 3052 ut
1172 3001 1233 3066 jam
1260 3001 1433 3058 observavit

305 3093 337 3144 Α.
357 3090 457 3145 Hortis
488 3087 600 3158 (Stricti,
617 3104 645 3158 p.
669 3088 731 3148 627.
756 3089 888 3156 adnot),
912 3088 967 3142 sed
983 3088 1130 3156 peculiari
1146 3093 1217 3142 nota
1232 3089 1281 3143 hic
1304 3091 1431 3159 dignum

304 3181 453 3234 babemus
469 3179 684 3233 nitidissimum
699 3179 835 3233 codicem
863 3179 967 3232 Arsen.
990 3176 1071 3245 5193,
1088 3192 1104 3232 e
1121 3176 1306 3233 bibliotheca
1320 3180 1430 3236 ducum

304 3269 496 3337 Burgundiae
512 3269 739 3338 provenientem
756 3268 898 3337 (Barrois,
915 3265 993 3321 Bibl.
1011 3266 1191 3336 Protypoqr.
1208 3278 1241 3321 οο
1256 3267 1330 3338 880),
1340 3285 1430 3339 quem

304 3374 359 3413 nos
384 3358 537 3414 Laurentii
566 3358 798 3426 autographum,
828 3361 882 3411 aut
908 3354 1006 3424 ip'sius
1043 3357 1225 3424 autographi
1253 3357 1429 3425 diligentem

303 3448 578 3518 transcriptionem,
594 3448 661 3515 eius
677 3447 773 3516 ipsius
797 3447 936 3501 utilitatis
966 3460 1057 3499 causa
1070 3450 1235 3515 exaratam,
1261 3447 1428 3519 eredimus3

303 3553 373 3593 nam
396 3539 426 3592 in
450 3552 487 3592 eo
502 3537 576 3605 solo,
603 3540 673 3605 post
696 3537 827 3605 priorem
841 3536 1009 3604 prologum,
1030 3549 1139 3589 nomen
1163 3534 1295 3589 Laurens
1309 3538 1427 3607 legitur,

302 3627 494 3696 chirographi
515 3627 620 3694 instar,
644 3631 674 3680 et
700 3640 738 3680 ea
761 3640 839 3695 quae
861 3639 942 3679 nunc
965 3639 1155 3692 exponemus
1180 3625 1342 3692 diligenter
1365 3628 1428 3681 ani-

304 3718 493 3772 madvertere
507 3717 613 3770 decet:
640 3715 670 3768 in
693 3715 742 3769 illo
764 3715 879 3782 codice,
903 3714 1010 3768 ultima
1025 3714 1119 3769 verba
1140 3715 1250 3784 capitis
1276 3713 1312 3768 23
1326 3716 1357 3784 (l.
1378 3717 1427 3786 tx)

303 3812 394 3862 sunt:
425 3826 437 3856 l
530 3820 569 3860 ou
593 3805 729 3876 chapitre
753 3804 919 3858 ensuirant
931 3804 961 3871 je
976 3809 1152 3872 compleray
1167 3804 1237 3872 plus
1258 3804 1429 3872 largement

303 3912 357 3952 son
383 3910 435 3951 cas
451 3915 465 3945 v>
483 3894 563 3950 tvide
585 3907 687 3963 supra,
706 3909 734 3963 p.
749 3893 794 3962 54,
807 3908 836 3948 n.
848 3892 887 3962 l),
907 3897 977 3961 post
992 3907 1069 3960 quae
1091 3893 1221 3961 scriptor
1233 3924 1261 3931 —
1281 3900 1333 3948 aut
1347 3909 1429 3949 ama·
1496 3901 1498 3906 '

303 3986 427 4041 nuensis
442 3985 617 4052 quicunque
633 4013 663 4022 -
681 3984 771 4037 imam
787 3988 904 4051 partem
926 3983 1085 4036 columnae
1105 3996 1231 4036 vacuam
1253 3983 1426 4054 reliqueret,

302 4089 428 4130 vacuam
443 4088 564 4145 quoque
584 4073 775 4142 insequentis
791 4071 852 4126 lolii
869 4071 1010 4139 paginam
1033 4071 1162 4140 priorem
1179 4069 1238 4130 (fol.
1254 4071 1307 4127 395
1322 4075 1426 4141 recto),

302 4172 332 4221 et
347 4166 479 4234 priorem
494 4163 666 4218 columnam
687 4162 815 4232 paginae
830 4161 1009 4230 posterioris
1023 4160 1080 4220 (tol.
1108 4159 1161 4215 395
1185 4163 1292 4218 versol.
1319 4162 1427 4217 Postea

302 4257 420 4324 adjecta
442 4259 492 4308 est
513 4253 645 4308 narratio
664 4252 782 4307 itineris
809 4251 914 4305 Dentis
937 4251 966 4303 in
982 4251 1117 4319 Galliam,
1133 4251 1176 4304 ita
1194 4255 1228 4304 ut
1247 4265 1324 4306 nova
1347 4251 1428 4306 linea

302 4346 462 4414 inciperet;
479 4344 531 4398 illa
545 4348 646 4397 tamen
667 4342 800 4396 narratio
819 4355 878 4395 non
894 4341 971 4394 adeo
994 4340 1085 4407 longa
1108 4345 1174 4394 erat
1194 4354 1273 4410 quae
1293 4342 1427 4409 spatium

301 4448 429 4488 vacuum
444 4438 541 4488 totum
556 4432 696 4500 impleret
708 4431 858 4500 (columna
878 4430 984 4484 ultima
995 4430 1095 4483 adbuc
1109 4442 1205 4483 vacua
1219 4428 1287 4498 est).
1309 4429 1370 4484 Res
1386 4431 1428 4484 ita

302 4538 371 4580 sese
392 4523 536 4578 babuisse
560 4521 756 4576 confirmatur
779 4520 915 4576 brevium
938 4531 1096 4573 corsarum
1115 4518 1263 4586 pictarum
1287 4519 1427 4574 observa·

303 4615 479 4682 tione,quae
495 4612 525 4664 in
541 4614 598 4666 boc
612 4610 717 4665 codice
733 4625 769 4665 eo
785 4609 851 4663 loeo
863 4613 980 4662 tantum
993 4608 1427 4678 desiderantur300nstatergo
