3568 5620
784 565 873 609 clear
895 567 916 609 1.
1377 547 1414 608 lt)

336 697 461 776 Codex
480 703 526 774 fr.
549 701 645 775 loco
668 706 810 792 autem,
832 702 1007 795 quiducs
1036 701 1226 774 Ciceronis
1244 703 1360 774 libros
1379 707 1417 773 et

291 836 545 911 Oeconomico
564 837 734 910 continet
752 836 898 930 gallice,
931 838 1002 909 sub
1031 836 1186 909 nomine
1205 835 1415 925 Laurentii,

290 977 375 1067 post
390 975 596 1044 tractatum
611 969 673 1042 De
704 974 884 1065 qacattaor
915 967 1123 1042 uirtutibus
1156 967 1420 1042 baecexhibet

292 1107 409 1179 verba
427 1129 434 1176 :

340 1320 397 1408 lcy
415 1318 480 1383 bne
496 1317 528 1384 le
544 1316 629 1384 livre
645 1316 822 1404 Senecqno
839 1315 898 1382 des
915 1325 1035 1400 (piretro
1064 1325 1182 1382 rectus
1205 1312 1421 1393 cardinaubi,

294 1425 459 1494 translate
471 1448 513 1492 en
530 1423 680 1506 francois
697 1445 757 1512 par
767 1422 875 1489 ‚lebab
890 1423 1144 1501 Courtocuisso,
1160 1423 1227 1491 l’an
1241 1421 1298 1487 mil
1314 1418 1423 1490 CCCC

291 1547 323 1599 et
349 1532 431 1600 trois
455 1530 526 1616 (sol.
549 1531 642 1618 136),

223 1836 226 1840 ,
292 1763 330 1830 et
350 1758 523 1830 eamdem
535 1754 851 1848 subscriptionem
871 1753 1081 1848 reperimus
1102 1754 1141 1824 in
1157 1750 1419 1826 codicefrbssl

293 1890 373 1986 (iol.
391 1889 493 1983 253),
516 1895 553 1962 et
574 1890 613 1960 in
633 1888 758 1961 codice
779 1887 874 1959 5767
899 1887 1151 1986 bibliothecae
1180 1887 1374 1960 Arsenalis
1396 1889 1419 1959 ¹.

292 2025 417 2097 Codex
431 2023 477 2094 ir.
497 2022 740 2115 laudentque
755 2021 865 2093 tertio
881 2021 1099 2093 translatori
1111 2041 1205 2115 opus
1216 2021 1398 2094 adscribit
1413 2045 1419 2092 :

340 2237 389 2326 Cy
410 2235 518 2302 finale
536 2235 621 2302 livre
635 2233 676 2301 de
691 2236 849 2322 Soraeque
862 2233 922 2300 dos
944 2244 1063 2322 quatro
1083 2233 1287 2324 principales
1304 2246 1422 2303 certus

293 2342 458 2410 translate
479 2342 523 2409 du
544 2342 628 2409 latin
643 2365 686 2408 cn
702 2343 771 2410 cler
788 2340 936 2424 franceis
952 2365 1012 2430 par
1026 2342 1163 2408 amicire
1179 2341 1422 2409 JehanTrous-

297 2475 381 2518 scau
400 2474 441 2517 en
463 2449 494 2516 la
511 2451 576 2516 cite
596 2449 637 2516 de
663 2451 819 2538 Bourges
844 2473 886 2515 on
916 2451 1036 2539 Borea
1062 2449 1128 2515 l'an
1156 2448 1197 2515 de
1227 2472 1329 2538 grace
1364 2450 1422 2516 mil

295 2558 378 2626 trois
395 2581 476 2625 cens
491 2559 551 2624 LX
563 2567 603 2624 el
618 2557 725 2624 douae
737 2557 774 2643 (l.
790 2558 854 2624 206
869 2561 996 2644 verso).

329 2783 395 2864 ,At
416 2804 510 2876 opus
530 2773 661 2853 inillis
680 2781 874 2854 codicibus
907 2781 1192 2874 transcriptum,
1215 2786 1253 2854 et
1284 2781 1422 2855 loanni

295 2917 510 3018 Biturigum
536 2915 623 2988 duci
643 2915 874 3006 dedicatum,
906 2937 1028 2987 unum
1051 2919 1089 2986 et
1115 2914 1224 2988 idem
1247 2921 1317 3008 ost,
1353 2938 1423 2989 nec

293 3049 499 3144 quicquam
519 3071 566 3122 ex
585 3049 703 3122 variis
717 3048 943 3122 lectionibus
962 3048 1135 3141 colligere
1154 3054 1211 3122 est
1231 3050 1305 3122 nisi
1334 3051 1423 3123 soli-

177 3199 181 3205 ·
296 3188 354 3256 tos
373 3183 515 3276 lapsus
536 3182 747 3255 scribarum
768 3182 1047 3275 imprudentiae
1063 3181 1318 3274 imputandos.
1337 3184 1423 3256 Gui-

297 3339 386 3388 nam
400 3338 487 3410 orgo
508 3315 795 3389 translationem
816 3313 1111 3408 adjudicandam
1134 3317 1398 3390 censebimus?

346 3449 506 3522 Paulino
527 3449 634 3522 Paris
652 3454 779 3542 partes
815 3447 974 3521 loannis
1002 3448 1263 3522 Courtecuisse
1296 3456 1422 3524 tenere

296 3584 424 3657 visum
444 3589 514 3675 est,
535 3589 572 3657 et
592 3584 632 3655 in
651 3583 755 3656 illius
770 3583 998 3656 sententiam
1019 3582 1090 3655 ivit
1116 3584 1176 3654 vir
1203 3585 1423 3657 eruditissi-
1454 3661 1456 3664 ,

192 3737 193 3740 ’
296 3741 382 3791 mus
400 3718 612 3814 Leopoldus
632 3717 769 3790 Delisle
789 3717 815 3789 ².
834 3716 910 3788 Nos
929 3721 1071 3806 autem,
1090 3721 1133 3788 ut
1153 3717 1357 3791 Laurentio
1377 3719 1423 3792 de

297 3852 504 3925 Primolalo
519 3873 614 3947 opus
628 3851 868 3925 vindicemus
888 3850 996 3922 nulla
1010 3871 1126 3923 causa
1142 3821 1300 3924 inducit.
1320 3853 1425 3925 Cete-

296 4009 383 4058 rum
398 3985 507 4064 facile
523 3985 684 4077 intelligi
697 3989 821 4078 potest
840 4006 915 4078 quo
936 3984 1046 4056 modo
1060 4006 1198 4057 nomen
1214 3987 1424 4072 translato-

297 4120 350 4192 ris
365 4120 485 4193 nostri
504 4122 579 4192 huc
599 4140 638 4191 se
653 4117 926 4192 insinuaverit:
949 4139 1036 4189 cum
1052 4118 1147 4191 liber
1158 4117 1220 4192 Dc
1238 4115 1425 4207 Quattuor

307 4251 516 4328 Virtutibus
532 4275 643 4347 saepe
657 4275 745 4326 oum
764 4252 851 4324 aliis
871 4251 979 4324 libris
998 4273 1022 4323 a
1040 4252 1244 4326 Laurentio
1264 4254 1425 4326 transla-
1449 4239 1451 4242 ⁵

275 4551 281 4558 -
335 4531 343 4565 ¹
366 4531 399 4584 ln
413 4530 480 4586 cod.
495 4531 602 4584 Arsen
617 4528 802 4596 adjiciuntur
814 4528 909 4582 verba
925 4545 939 4579 (ι
953 4542 971 4582 a
983 4527 1068 4582 Paris
1084 4545 1108 4582 a.

335 4620 346 4654 ²
366 4617 420 4674 Les
435 4618 502 4673 Mas.
516 4618 569 4686 sa,
584 4617 620 4686 ll,
634 4631 686 4685 pp.
700 4615 749 4670 tal
763 4620 874 4685 etseq.
888 4633 894 4685 ;
913 4615 949 4670 lc
964 4615 1032 4671 Cab.
1047 4616 1098 4670 des
1110 4615 1190 4685 Mea,
1205 4617 1227 4686 l,
1242 4632 1270 4685 p.
1287 4616 1331 4672 60.
