3568 5620
399 525 438 584 32
889 540 977 583 01101
1001 540 1033 585 11.

400 675 593 748 Gallorum
613 678 802 747 venerunt
815 695 931 767 quam
955 649 1174 747 eorumdem
1193 679 1261 746 aut
1275 674 1524 769 philosophici

398 813 467 880 aut
486 806 657 880 historici
677 806 777 879 libri.

450 941 524 1014 Sed
538 947 575 1014 et
599 942 723 1036 ipsum
741 964 897 1036 operum
923 963 1043 1040 genus
1063 965 1178 1016 causa
1198 943 1271 1015 luit
1290 965 1358 1015 cur
1378 943 1525 1016 facilius

400 1076 559 1170 intelligi
579 1081 616 1148 et
636 1076 838 1170 approbari
852 1081 1019 1171 possent.
1043 1075 1139 1148 Nam
1167 1077 1337 1151 Bocoacii
1366 1081 1522 1156 Centum

399 1208 576 1285 Nooellis
594 1215 631 1282 et
642 1211 840 1282 Petrarcae
858 1210 1093 1283 carminibus
1103 1232 1225 1283 nouus
1239 1211 1397 1305 quidam
1408 1212 1526 1284 animi

400 1345 561 1417 humani
593 1344 877 1437 exprimebatur
910 1343 1078 1434 habitus,
1117 1367 1218 1417 nova
1250 1345 1352 1418 vitae
1386 1345 1523 1439 imago,

400 1502 462 1552 ars
482 1501 595 1567 nora,
614 1482 719 1550 aetas
734 1477 896 1571 denique
918 1477 1104 1571 illa,quae
1124 1479 1226 1572 apud
1238 1460 1463 1552 recentiores
1481 1501 1527 1551 ex

401 1613 589 1702 rediviva,
621 1616 665 1683 ut
693 1612 907 1700 ridebatur,
935 1611 1165 1705 antiquitate
1191 1635 1330 1686 nomen
1355 1614 1523 1687 haberet.

401 1749 504 1834 Quae
523 1752 654 1818 contra
675 1745 790 1817 latine
810 1751 1113 1838 composuerant,
1137 1746 1271 1838 vitam,
1286 1769 1422 1838 mores,
1445 1769 1528 1820 sen-

401 1881 539 1952 tentias
573 1879 685 1952 Medii
706 1878 800 1950 heri
817 1878 937 1950 multo
979 1879 1131 1952 fidelius
1163 1880 1389 1954 referebant.
1427 1881 1528 1954 lnter

400 2036 513 2108 opera
527 2035 626 2107 quae
646 2011 848 2084 Boocaoius
866 2010 1019 2105 juvenis
1039 2017 1106 2084 aut
1132 2035 1177 2086 ea
1200 2036 1298 2107 quae
1328 2014 1529 2108 scripserat

400 2148 461 2220 vir
488 2152 661 2219 maturus
689 2149 726 2218 et
751 2144 829 2238 Jam
859 2167 974 2218 senex
1002 2146 1072 2218 hoc
1101 2152 1159 2218 est
1187 2147 1405 2238 discrimen,
1427 2148 1527 2242 quod

403 2283 496 2353 haec
515 2304 539 2353 a
559 2279 771 2369 sententiis
794 2279 1039 2372 opinionibus
1058 2284 1096 2352 et
1115 2281 1291 2354 sensibus
1312 2281 1554 2400 aequalium·

402 2441 478 2490 non
492 2401 742 2507 dissidebant,
759 2415 825 2487 illa
850 2421 978 2488 autem
1005 2438 1068 2488 eos
1090 2440 1246 2511 prorsus
1269 2418 1526 2492 offendebant.

403 2552 484 2638 Quo
511 2573 599 2645 ergo
629 2572 668 2622 se
697 2554 861 2622 verteret
891 2550 999 2622 lavor
1027 2551 1235 2644 legentium
1264 2574 1341 2624 11011
1369 2551 1530 2624 dubium

401 2691 494 2777 erat,
510 2685 676 2758 maximo
687 2684 789 2778 apud
804 2684 942 2774 Gallos,
956 2689 1078 2758 tunoe
1092 2685 1205 2758 Medii
1217 2685 1313 2759 havi
1328 2685 1531 2781 disciplina
1566 2764 1573 2774 ¹

293 2824 297 2834 '
402 2821 572 2893 nondum
588 2819 780 2892 liberatos.

450 2953 612 3046 Maiores
632 2952 734 3024 enim
754 2958 903 3027 nostros
924 2975 999 3047 quo
1024 2953 1135 3026 modo
1162 2974 1239 3026 non
1266 2953 1531 3028 oblectavisset

402 3109 497 3181 opus
509 3086 549 3158 in
561 3109 636 3181 quo
652 3086 763 3159 utilia
771 3086 873 3159 vitae
888 3091 1089 3180 praecepta
1100 3086 1215 3159 simul
1229 3087 1527 3180 continerentur,

402 3226 439 3293 ot
452 3220 660 3314 exemplaa
675 3220 792 3293 totius
806 3219 955 3314 generis
970 3221 1131 3293 humani
1146 3221 1527 3316 annalibussumpta,

402 3354 524 3428 forma
544 3352 831 3448 cujusdemque
850 3353 1089 3426 dulcedinem
1109 3356 1317 3449 quamdam
1336 3361 1531 3429 mutuare-

403 3494 465 3561 tur
484 3489 532 3564 ab
553 3510 625 3559 usu
645 3487 825 3559 continuo
849 3488 1113 3561 narrationum
1133 3494 1171 3561 et
1190 3488 1415 3583 allegoriae?
1430 3489 1530 3562 Haec

401 3623 532 3694 omnia
569 3621 656 3693 libri
685 3629 740 3697 lle
780 3618 939 3699 Casibus
965 3623 1211 3715 praebebant.
1246 3622 1377 3696 Totius
1407 3623 1531 3718 operis

400 3761 669 3850 argumentum
703 3756 834 3849 paucis
864 3755 990 3828 verbis
1014 3756 1187 3828 0011110111
1223 3760 1347 3850 potest
1380 3779 1389 3830 :
1429 3757 1530 3830 vitas

400 3914 531 3964 eorum
562 3890 733 3962 oninium
763 3895 948 3962 memorat
980 3890 1153 3983 scriptor,
1184 3890 1264 3984 qui,
1287 3891 1355 3963 diu
1387 3891 1526 3981 loliceS,

400 4030 553 4120 repento
571 4049 590 4095 «
607 4024 772 4097 ludibrio
792 4024 965 4096 1011111100
985 4028 1121 4096 cuncta
1136 4024 1320 4097 vertentis
1342 4049 1360 4096 u
1377 4025 1530 4120 praeci-

400 4161 499 4255 pites
530 4163 701 4248 ruerunt,
733 4160 782 4230 ah
812 4158 921 4230 initio
948 4158 1081 4229 mundi
1115 4199 1161 4210 —
1194 4158 1366 4232 Adamus
1385 4164 1423 4232 ct
1448 4158 1530 4232 Eva

400 4294 536 4388 capitis
580 4292 694 4386 primi
735 4291 934 4364 materiam
974 4290 1194 4364 ministrant
1233 4335 1279 4344 —
1318 4315 1440 4388 usque
1478 4293 1528 4366 ad

398 4429 597 4508 loannem,
631 4427 862 4498 Francorum
896 4446 1037 4518 rogem,
1076 4425 1157 4518 qui,
1192 4432 1278 4519 post
1317 4427 1526 4500 infaustam

397 4583 566 4658 pugnam
593 4559 695 4652 apud
709 4560 920 4651 pictavam,
938 4579 1086 4632 carcere
1107 4557 1146 4630 in
1166 4559 1367 4633 Britannia
1386 4561 1526 4634 attine-
