3598 5616
771 520 861 563 curor
883 520 915 562 n.
1366 501 1405 562 49

208 696 210 700 -
282 657 449 734 breviter
469 663 507 729 et
526 656 678 751 saepius
700 657 854 728 nomine
870 661 1021 729 tantum
1043 661 1302 729 memorantur
1319 656 1406 728 Pto-

280 790 449 865 lemaeus
471 813 535 864 rex
559 790 737 885 Aegypti,
759 790 826 884 qui
853 789 1076 884 Pompeium
1096 787 1274 883 prodidit,
1290 787 1402 878 Juba,

282 924 545 1014 Aristobulus,
587 924 821 1014 Pharnacea,
857 924 1016 997 ultimus
1064 923 1299 1017 Scipionum,
1333 921 1401 994 Gn.

283 1059 498 1153 Pompeius
514 1059 653 1132 Brutus
673 1063 710 1131 et
725 1059 891 1149 Cassiae,
910 1059 1052 1153 aliique
1066 1058 1189 1135 multi.
1205 1057 1256 1130 De
1264 1056 1405 1150 quibus

282 1192 512 1266 Laurentius
537 1214 799 1286 quaecumque
822 1192 1012 1265 audiendo
1036 1192 1242 1285 legendove
1262 1189 1406 1283 accepit

283 1327 413 1399 sedulo
432 1326 586 1422 profert,
608 1327 663 1399 ita
681 1332 725 1399 ut
738 1327 839 1421 quod
855 1326 895 1397 in
910 1326 1033 1420 priore
1045 1325 1293 1398 translatione
1312 1325 1407 1397 dua-

282 1462 353 1534 bus
365 1461 516 1556 paginis
529 1461 807 1552 continebatur,
820 1460 1123 1554 quattuordecim
1135 1460 1211 1533 lere
1229 1459 1403 1554 paginas

282 1595 383 1668 binis
409 1595 610 1685 columnis,
645 1595 836 1689 impleat¹.
870 1595 969 1682 Quin
1002 1601 1039 1667 et
1062 1595 1165 1689 ipsas
1195 1599 1334 1688 parteS,
1366 1593 1406 1665 in

282 1729 422 1822 quibus
441 1728 514 1801 sibi
534 1728 737 1801 Boccacius
753 1750 813 1801 res
831 1728 1056 1822 praecipuas
1078 1727 1297 1822 exposuisse
1314 1726 1408 1800 satis

283 1864 430 1957 copiose
456 1862 563 1935 visos
591 1867 685 1951 erat,
708 1862 938 1936 Laurentius
961 1862 1070 1935 auxit
1098 1861 1287 1956 pertinaX,
1313 1861 1407 1934 adeo

282 2003 326 2070 ut
345 2003 459 2091 caput
474 1998 513 2069 in
532 2019 609 2091 quo
628 1997 674 2068 de
695 1997 874 2091 Pompeio
890 1997 1017 2091 agitur
1034 1992 1239 2091 quinquies
1257 1995 1408 2091 longius

283 2131 427 2206 iactum
452 2131 502 2204 sit
511 2139 536 2203 2.

331 2266 429 2354 Quid
448 2265 585 2360 plural
605 2266 682 2339 Illis
705 2267 797 2340 locis
825 2271 976 2339 tantum
996 2265 1100 2337 haud
1125 2264 1251 2358 inepte
1273 2285 1409 2338 serva-

282 2404 346 2473 tur
360 2401 484 2495 operis
499 2401 609 2492 ratio,
631 2401 671 2474 in
691 2401 832 2495 quibus
851 2400 1034 2494 majorem
1052 2400 1270 2472 ostenderat
1287 2404 1408 2473 artem

285 2535 457 2628 scriptor,
475 2557 638 2628 suosque
662 2535 782 2629 ipsius
810 2557 944 2608 sensus
969 2534 1131 2608 'candide
1158 2539 1406 2629 exposuerat,

284 2669 377 2742 talia
396 2674 486 2741 sunt
505 2669 632 2763 capita
655 2669 796 2764 quibus
822 2669 1032 2741 dramatico
1047 2668 1147 2741 inest
1162 2669 1327 2763 species³
1341 2674 1409 2742 aut

284 2803 456 2912 doctrina
472 2803 643 2876 moribus
658 2804 764 2876 utilis
793 2803 1042 2897 expromitur.
1062 2803 1203 2875 Verum
1231 2803 1263 2875 si
1283 2803 1409 2897 ipsum

285 2936 481 3010 Laurentii
505 2938 673 3010 laborem
692 2937 863 3032 judicare
878 2938 987 3026 velis,
1015 2937 1086 3007 hoc
1116 2936 1185 3008 tibi
1206 2936 1256 3008 sit
1288 2937 1410 3010 docu-

285 3077 433 3160 mento:
457 3072 610 3165 longam
626 3071 745 3162 illam,
767 3077 805 3145 et
824 3077 952 3145 tamen
969 3071 1061 3143 satis
1076 3070 1265 3164 rapidam,
1279 3071 1411 3143 inteli-

323 3409 331 3442 ¹
352 3409 477 3465 Codices
490 3411 676 3465 contulimus
689 3411 723 3464 ir.
739 3409 828 3466 24389
841 3411 961 3482 (prioris
974 3413 1195 3486 translationis)
1210 3418 1241 3468 et
1262 3411 1312 3465 131
1330 3413 1412 3483 (alte-

285 3499 379 3568 rius);
396 3500 446 3554 bic
459 3505 562 3554 tamen
577 3500 666 3568 longe
690 3500 888 3569 amplioribus
912 3501 992 3556 loliis
1015 3503 1257 3557 membranaceis
1280 3507 1411 3570 constat,

286 3587 328 3642 ita
342 3594 376 3642 ut
387 3589 482 3657 major
494 3589 586 3644 etiam
602 3590 651 3658 sit,
659 3603 751 3658 quam
762 3604 799 3644 ex
812 3590 872 3644 illis
888 3591 1023 3646 numeris
1033 3591 1413 3661 apparet,translationum

285 3677 502 3747 discrepantia.

322 3767 331 3800 ¹
350 3768 432 3832 Quae
446 3769 496 3824 hic
515 3768 619 3823 addita
632 3772 714 3836 sunt,
731 3783 768 3823 ea
794 3769 947 3837 pertinent
970 3770 1008 3824 ad
1032 3770 1255 3825 contentionem
1280 3771 1413 3838 Pompeii

285 3863 316 3912 et
330 3858 486 3927 Carbonis,
497 3858 535 3913 ad
543 3859 716 3928 Sertorium,
728 3857 767 3913 ad
779 3859 924 3913 Albaniae
939 3864 970 3913 et
985 3859 1125 3914 Hiberiae
1140 3860 1285 3929 situm,ad
1300 3860 1414 3914 Mithri-

286 3947 388 4002 datem
415 3948 468 4018 qui
487 3947 631 4003 trucidari
647 3948 775 4002 voluita
792 3947 876 4001 Gallo
905 3948 1036 4017 quodam
1053 3949 1154 4017 equite
1172 3960 1241 4018 (par
1265 3948 1415 4019 desespoir

286 4041 316 4090 et
329 4053 428 4108 annoy
444 4037 480 4091 de
494 4053 528 4090 aa
542 4036 587 4090 vie
610 4035 721 4090 s'estoit
734 4035 794 4105 scit
811 4041 877 4090 tuer
887 4053 948 4107 pal·
972 4054 1014 4091 un
1029 4037 1179 4091 chevalier·
1204 4037 1361 4109 sranpois),
1375 4039 1414 4093 ad

286 4128 430 4196 Syriam«
452 4127 688 4183 anciennement
702 4127 831 4195 appelee
855 4127 971 4181 Assirie
995 4148 1018 4196 ι,
1035 4128 1073 4181 ad
1099 4128 1300 4197 phoeniciam,
1328 4129 1415 4197 cujus

287 4231 397 4272 nomen
413 4231 431 4272 a
444 4217 604 4284 Phoenice,
615 4215 707 4270 tratre
719 4216 823 4271 Cadmi
835 4236 848 4266 u
861 4216 889 4270 le
904 4216 1032 4271 londeur
1042 4217 1080 4270 de
1095 4218 1215 4272 Thebes
1225 4231 1262 4272 en
1276 4218 1411 4286 Egypte»

287 4307 455 4362 derivatum
475 4310 534 4374 est,
561 4305 599 4360 ad
625 4305 884 4375 oppugnationem
908 4306 1136 4375 Hierosolymae
1161 4320 1179 4360 a
1202 4307 1357 4376 Pompei0,
1376 4308 1414 4361 ad
1504 4301 1506 4304 ’

287 4397 374 4465 signa
388 4409 466 4465 quae
481 4395 582 4450 civilia
597 4396 678 4451 bella
691 4396 989 4464 praenunciaverunt
1011 4395 1120 4465 (tribus
1144 4397 1293 4451 columnis
1308 4401 1339 4451 et
1354 4411 1416 4450 am·

288 4485 390 4556 plius),
407 4489 468 4541 etc.
480 4527 486 4540 .
498 4527 504 4538 .

324 4573 334 4607 ³
353 4575 426 4629 Vide
442 4587 545 4643 supra,
563 4589 592 4642 p.
607 4572 651 4629 33.

1278 4674 1294 4724 l
