3598 5616
778 542 868 584 curor
888 543 931 586 nr.
1375 533 1414 592 69

290 673 526 768 inspicienda
553 680 610 747 est
632 675 742 748 lectio
771 695 848 767 qua
877 673 1034 746 Antonii
1050 679 1088 746 et
1102 674 1298 750 Laurentii
1319 701 1414 773 opus

290 808 441 881 fidelius
461 808 634 899 retertur,
667 810 767 881 unde
789 809 1036 882 translatores
1065 815 1214 884 constat
1242 813 1414 908 vestigiis

290 941 459 1015 Boccacii
492 942 694 1037 diligenter
731 943 929 1032 institisse,
966 944 1014 1015 ab
1057 944 1167 1016 initio
1209 967 1329 1038 usque
1367 948 1415 1020 ad

289 1081 458 1148 extrema
477 1077 607 1166 verba,
624 1098 760 1171 parum
780 1076 913 1149 callide
934 1076 1140 1168 interdum,
1158 1079 1414 1171 concedimus,

291 1211 355 1283 sed
376 1233 566 1304 nusquam
585 1233 630 1283 ea
648 1216 773 1284 mente
792 1216 836 1282 ut
850 1211 995 1304 aliquid
1015 1211 1076 1283 vel
1095 1212 1341 1286 emendarent
1357 1214 1418 1288 vel

290 1344 432 1440 alioqui
452 1349 658 1418 mutarent.
681 1345 757 1419 Neo
776 1345 970 1438 scriptoris
989 1345 1224 1438 prooemium
1245 1347 1418 1436 (Umuuc

291 1501 378 1552 coco
402 1482 421 1552 e
444 1501 535 1552 coer
554 1478 819 1576 compassione
839 1477 943 1575 dupli
962 1477 1149 1574 afflicti...
1152 1485 1180 1565 ),
1211 1503 1280 1554 nec
1301 1484 1418 1576 pestis

290 1614 504 1708 descriptio,
527 1637 596 1687 nec
615 1619 758 1708 septem
789 1615 1002 1708 puellarum
1027 1619 1065 1686 et
1089 1614 1206 1686 trium
1232 1615 1417 1711 juvenum

291 1747 491 1821 concilium
519 1749 559 1821 in
579 1749 742 1822 Sanctae
762 1749 903 1821 Mariae
922 1748 1080 1822 ecclesia
1096 1749 1258 1840 novella,
1281 1772 1349 1824 nec
1374 1773 1419 1824 ea

292 1904 402 1976 quae,
421 1883 520 1955 inter
539 1882 764 1956 fabellarum
787 1884 947 1956 decades
967 1883 1013 1955 de
1036 1883 1130 1973 vita,
1142 1883 1243 1956 ludis
1257 1889 1294 1956 et
1313 1885 1420 1979 dapi-

290 2017 362 2090 bus
375 2016 497 2092 laetae
520 2017 685 2091 cohortis
708 2023 949 2109 enarrantur,
968 2039 1036 2090 neo
1056 2019 1227 2091 carmina
1245 2016 1418 2111 (ballote)

290 2173 388 2246 quae
404 2152 443 2223 in
459 2152 537 2225 line
555 2152 741 2247 cujusque
761 2152 913 2226 decadis
938 2157 1007 2224 aut
1030 2152 1069 2223 in
1095 2152 1226 2224 labula
1251 2155 1418 2246 quadam

290 2285 532 2358 eontinentur
549 2286 612 2380 (X,
631 2286 682 2380 7),
701 2307 770 2358 nec
785 2286 902 2358 totius
917 2285 1004 2358 libri
1020 2285 1211 2357 conclusio
1231 2284 1420 2377 (Notius-

291 2418 388 2492 cc'me
406 2418 610 2516 pinconio
639 2417 887 2492 conculcatore
916 2417 1016 2492 delle
1046 2416 1217 2515 quali...)
1247 2462 1293 2472 -
1327 2421 1418 2515 quid

292 2551 551 2626 multain'ihil
571 2553 772 2625 omittitur.
855 2637 857 2641 ¹

338 2688 445 2775 Quod
461 2688 510 2760 ad
519 2687 783 2760 narrationum
798 2693 1023 2781 argumenta
1038 2690 1215 2783 pertinet,
1229 2712 1276 2762 ne
1299 2712 1417 2762 unum

291 2820 444 2915 quidem
466 2821 700 2915 repperimus
719 2821 821 2914 quod
852 2826 1014 2898 Centum
1039 2820 1216 2897 Nouellis
1249 2823 1418 2907 alienum

291 2955 352 3027 sit.
380 2953 628 3045 Quinetiam,
652 2955 842 3028 Antonius
862 2955 1011 3027 labulas
1032 2956 1219 3049 quasdam
1234 2957 1313 3050 jam
1326 2961 1418 3029 tunc

291 3090 330 3161 in
360 3089 521 3162 latinam
550 3089 722 3184 linguam
754 3111 1008 3162 conversasa
1042 3090 1218 3163 Petraroa
1251 3096 1364 3185 atque
1395 3113 1419 3163 a

291 3225 486 3297 Leonardo
507 3224 684 3298 Aretino¹
702 3229 769 3296 aut
789 3224 980 3318 ignoravit
994 3229 1062 3297 aut
1081 3225 1266 3318 despexit,
1279 3224 1419 3318 quibus

291 3358 323 3430 si
343 3381 436 3431 usus
451 3364 549 3431 esset
569 3380 704 3452 operae
724 3380 876 3452 parcere
898 3358 1094 3452 potuisset.
1118 3358 1309 3430 Antonius
1331 3380 1419 3453 ergo

291 3493 464 3586 religiose
497 3492 623 3564 ollicio
657 3515 725 3564 suo
751 3492 906 3564 iunctus
931 3497 1000 3583 est,
1019 3497 1056 3564 et
1084 3493 1263 3587 quamvis
1292 3493 1420 3565 minus

291 3629 483 3721 eleganter
521 3627 685 3722 proiecto
722 3650 839 3720 quarn
878 3627 1056 3708 Petrarca
1095 3632 1162 3698 aut
1201 3626 1420 3700 Leonardus

186 3798 189 3802 ·
293 3763 489 3837 Griselidis
509 3768 577 3834 aut
602 3761 800 3834 Guiscardi
830 3766 867 3832 et
891 3760 1121 3833 Gismondae
1140 3760 1287 3833 flebiles
1310 3783 1421 3834 casus

293 4059 358 4114 solo
383 4063 514 4124 servata,
541 4057 621 4111 unde
645 4056 804 4123 conjicitur
825 4055 984 4124 pulchrum
1001 4055 1073 4110 illud
1089 4057 1245 4125 exemplar
1260 4057 1422 4125 transcrip-

293 4153 356 4202 tum
372 4162 443 4202 esse
459 4152 489 4201 et
503 4147 641 4200 venustis
658 4146 782 4214 picturis
807 4150 946 4199 ornatum
976 4149 1010 4199 ut
1031 4145 1100 4199 duci
1128 4146 1294 4200 offerretur.
1316 4146 1423 4200 Miran-

292 4239 363 4292 dum
377 4242 478 4291 tamen
492 4236 611 4290 videtur
632 4235 662 4288 in
685 4234 855 4289 inventario
879 4233 1024 4288 librorum
1048 4235 1136 4288 ducis
1157 4235 1273 4288 nullum
1294 4235 1423 4292 inveniri

292 4327 453 4394 vestigium
469 4326 558 4393 hujus
574 4325 641 4378 libri
657 4325 699 4392 (L.
717 4324 838 4387 Delisle‚
855 4323 922 4376 Gali.
941 4323 990 4376 oles
1006 4322 1086 4392 Mes,
1103 4324 1125 4392 l,
1142 4339 1171 4391 p.
1187 4323 1243 4388 66).

329 4415 517 4470 'Griselidis
544 4415 647 4470 sabula
671 4428 689 4467 a
716 4415 856 4468 Petrarca
882 4413 1031 4466 translato
1057 4414 1238 4481 Jampridem
1272 4414 1424 4483 divulgata

294 4503 552 4574 erat3Guiseardi
577 4508 724 4558 autemet
747 4503 930 4558 Gismondae
950 4516 1040 4557 casus
1069 4517 1088 4556 a
1117 4503 1272 4559 Leonardo
1302 4505 1423 4560 Aretino

294 4595 430 4649 translati
446 4593 567 4648 difficile
583 4595 613 4648 in
634 4579 742 4648 manus
760 4592 879 4647 Antonii
894 4593 1018 4647 venisse
1032 4597 1183 4660 poterant.
