3568 5620
393 543 434 602 18
887 559 977 600 canor
1000 560 1020 599 ι.

391 697 439 768 ad
460 700 609 788 tempus
629 693 892 766 translationis
913 694 1063 766 attinet.
1083 693 1191 780 Quod
1205 692 1236 766 si
1253 693 1393 766 codicis
1407 693 1521 766 Vien-

391 829 519 902 nensis
538 828 775 922 inscriptioni
794 828 908 900 iidem
924 827 1183 922 adjungimus,
1197 829 1245 900 ab
1266 829 1398 901 eadem
1414 828 1521 901 doce-

392 986 479 1035 mur
497 962 744 1060 Laurentium
769 967 943 1035 nostrum
976 959 1337 1035 Ot'conomt'corom
1358 961 1520 1035 transla-

392 1095 485 1168 tioni
504 1117 656 1189 operam
675 1095 823 1168 dedisse
844 1097 1026 1168 suadente
1043 1095 1197 1168 Simone
1212 1095 1521 1190 duBois,quinto

281 1318 284 1323 ,
392 1228 534 1302 scilicet
552 1234 590 1301 et
608 1228 743 1302 ultimo
762 1229 845 1323 ejus
864 1233 1036 1323 patrono.

442 1364 537 1436 Cum
570 1363 671 1435 enim
705 1364 765 1436 die
807 1363 931 1457 prima
977 1364 1118 1438 mensis
1167 1364 1379 1454 Februarii,
1420 1385 1521 1437 anno

394 1497 626 1589 MCDXVlll,
650 1520 839 1570 summam
874 1520 1032 1570 monum
1064 1499 1294 1572 Laurentius
1327 1498 1431 1592 operi
1451 1497 1521 1569 im-

392 1636 559 1727 poneret,
581 1632 693 1726 pauci
724 1632 803 1726 jam
838 1632 892 1703 illi
922 1638 1146 1726 supererant
1179 1655 1328 1706 menses
1351 1655 1420 1705 :eo
1439 1632 1520 1726 ipso

392 1789 494 1838 anno
521 1772 694 1838 mortuus
716 1771 782 1849 cst,
807 1770 851 1838 ut
875 1767 1041 1839 loannes
1068 1768 1113 1838 dc
1135 1766 1392 1858 lionsterolio,
1422 1768 1521 1838 Gon·

392 1902 522 1974 therus
538 1900 630 1971 Colli
646 1905 683 1971 et
701 1899 767 1971 alii
784 1900 908 1989 multi,
920 1900 1060 1993 quibus
1075 1923 1152 1972 non
1168 1900 1521 1994 peperceruntBur-

391 2033 603 2127 guadiones
622 2031 797 2123 victores,
813 2054 1059 2121 cum,mensc
1084 2033 1211 2123 lunio,
1237 2033 1387 2105 Lutetia
1408 2034 1521 2105 Pari-

393 2168 535 2240 siorum
546 2167 656 2260 potiti
675 2171 778 2238 sunt.
802 2166 1019 2238 Mirandum
1053 2173 1180 2240 tamen
1220 2168 1373 2240 videtur
1395 2167 1521 2240 humi-

392 2302 465 2374 lem
495 2295 671 2374 clericnm
700 2300 922 2372 Trecensem
943 2306 980 2372 et
1008 2323 1208 2395 operosum
1237 2303 1517 2393 translatorem,

392 2435 458 2529 qui
469 2457 666 2529 nunquam
682 2435 834 2506 videtur
845 2434 885 2506 in
900 2433 1055 2506 civitate
1070 2440 1245 2508 versatus
1255 2457 1350 2526 esse,
1364 2434 1520 2508 efurore

394 2568 710 2662 Burgundionum
731 2589 806 2640 non
822 2566 1020 2660 effugisse!

443 2704 558 2775 Aliud
571 2703 686 2776 etiam
707 2725 819 2796 0an,
838 2703 979 2776 librum
997 2702 1139 2774 scilicet
1154 2701 1214 2776 De
1237 2701 1426 2792 Quattuor
1443 2705 1521 2779 cir-

394 2835 549 2922 tott'tcm,
568 2838 635 2931 qui
655 2843 746 2910 tunc
766 2837 909 2932 injuria
928 2837 968 2908 L.
1002 2835 1160 2909 Annaeo
1190 2838 1354 2913 Senecae
1381 2841 1522 2913 adscri-

394 2975 567 3063 bebatur,
590 2973 746 3067 qnidam
766 2963 1008 3045 alaurentio
1036 2977 1165 3044 nostro
1192 2973 1231 3045 in
1246 2975 1435 3067 gallicam
1449 2975 1522 3047 lin-

394 3130 509 3201 guam
525 3128 678 3179 versum
697 3106 944 3196 contendunt,
968 3105 1101 3198 paucis
1123 3106 1302 3201 inspectis
1330 3109 1522 3182 codicibus

396 3241 436 3313 in
455 3241 595 3335 quihus
610 3240 849 3313 translatoris
872 3260 1025 3329 nomen,
1044 3239 1125 3312 sine
1140 3262 1255 3333 anno,
1283 3242 1478 3318 invenitur
1493 3245 1519 3315 ¹.
1572 3308 1576 3316 .

397 3375 471 3448 Sed
485 3375 579 3448 adeo
599 3375 698 3448 inter
717 3397 756 3447 se
775 3375 1007 3462 discordant,
1039 3374 1140 3466 quod
1173 3375 1221 3447 ud
1257 3377 1521 3450 translatorem

335 3595 336 3598 Ἴ
397 3480 546 3601 attinet,
580 3510 726 3582 codices
754 3509 820 3603 qui
851 3510 923 3581 hoc
955 3529 1049 3601 opus
1082 3508 1214 3600 gallice
1248 3511 1444 3603 praebent,
1479 3516 1523 3583 ut

397 3645 567 3718 maxima
584 3643 787 3740 prudentia
807 3665 901 3736 opus
917 3642 966 3714 sit
985 3662 1030 3713 ne
1056 3641 1095 3712 in
1124 3644 1351 3716 temeritatis
1380 3645 1522 3718 crimen

396 3780 650 3853 incurramus.

447 3913 682 3986 Parisicnses
701 3911 847 3985 codices
867 3914 1016 3982 tantum
1046 3911 1186 4004 raptim
1219 3913 1454 3987 evolvamus,
1481 3915 1522 3986 ln
1569 3911 1572 3918 ⁴

396 4049 522 4122 codice
542 4046 589 4120 fr.
614 4046 705 4120 1091
725 4045 905 4140 legimus:

441 4261 489 4351 Cy
511 4260 576 4326 stuc
598 4259 755 4348 Sauoque
775 4257 835 4324 des
856 4257 917 4322 llll
939 4268 1055 4324 verius
1084 4257 1287 4325 translatccs
1311 4259 1455 4327 delatio
1478 4284 1520 4327 cn

396 4369 556 4458 irancoys
576 4389 637 4456 par
658 4366 796 4432 maistre
805 4364 1008 4431 Laurcntde
1019 4364 1317 4454 Premior·fait(iol.
1337 4370 1377 4433 15
1394 4371 1518 4454 verso).

430 4604 439 4637 ¹
462 4603 575 4670 HortiS,
591 4615 620 4670 p.
634 4600 696 4668 619,
711 4601 812 4655 adnot.
835 4624 838 4630 ·
