3568 5620
365 533 384 592 2
423 542 425 548 '
840 549 1016 592 monemur.

366 691 423 758 est
448 706 536 758 rara
562 684 628 756 illa
662 684 882 758 testimonia
907 706 1006 778 quae
1040 690 1244 757 servantur
1271 686 1317 757 de
1345 684 1427 756 vita
1455 689 1493 756 et

367 819 518 914 seriptis
546 819 743 892 Laurentii
767 818 968 913 diligenter
999 819 1172 913 colligere
1205 825 1320 913 atque
1349 824 1492 892 attente

366 956 609 1048 perpendere.
1470 960 1471 963 ’

418 1074 513 1161 Cum
529 1093 658 1161 tamen
679 1089 781 1182 apud
800 1089 980 1182 aequales
995 1109 1084 1161 suos
1100 1088 1330 1161 Laurentius
1344 1088 1390 1161 de
1411 1088 1493 1160 Pri-

368 1223 509 1295 moiate
523 1223 694 1317 aliquam
715 1223 774 1295 sui
795 1223 988 1295 notionem
1014 1223 1097 1296 ideo
1111 1223 1335 1317 praesertim
1363 1222 1494 1295 feeerit

366 1357 467 1450 quod
483 1356 652 1429 Boeeaeii
669 1379 783 1450 opera
801 1357 935 1451 galliae
950 1357 1221 1450 interpretatus
1237 1357 1299 1448 sit,
1321 1379 1389 1429 nos
1401 1378 1494 1450 que

367 1512 454 1584 que,
472 1491 624 1563 emissis
639 1492 688 1562 M.
713 1490 827 1562 Tullii
847 1495 885 1562 et
900 1490 1114 1562 Aristotelis
1127 1489 1236 1562 libris
1250 1491 1299 1563 ab
1314 1511 1357 1562 ee
1370 1495 1494 1594 trans-

367 1625 469 1716 latis,
492 1624 541 1697 ad
560 1645 605 1696 ea
618 1626 749 1697 statim
769 1624 910 1718 seripta
929 1625 1127 1697 veniemus
1147 1629 1429 1718 quaenestrum
1444 1623 1490 1694 ad

369 1762 638 1852 argumentum
658 1758 865 1851 pertinent,
883 1757 1000 1830 libros
1016 1780 1154 1830 novem
1170 1757 1313 1830 scilieet
1331 1755 1392 1828 De
1414 1753 1496 1828 Cu-

368 1889 474 1964 ribus
493 1890 666 1964 virorum
689 1889 914 1976 illustrium,
931 1896 969 1963 et
1001 1889 1164 1963 Centum
1185 1888 1370 1965 Nevellus
1395 1911 1493 1983 quae

369 2026 484 2119 vulga
500 2024 762 2098 inscribuntur
780 2023 1036 2098 Decumeron.

406 2161 546 2232 ‘Pauea
564 2159 728 2253 denique
743 2159 927 2232 addemus
940 2161 986 2232 de
1001 2159 1170 2231 Beeeaeii
1186 2159 1282 2230 libro
1296 2156 1354 2230 De
1368 2154 1494 2229 Claris

370 2291 617 2377 Melioribus
632 2315 746 2387 quem
766 2316 790 2365 a
809 2292 1013 2366 Laurentio
1029 2315 1179 2387 quaque
1198 2292 1428 2365 translatum
1448 2332 1494 2342 —

371 2428 436 2500 sea
464 2427 619 2521 injirna,
651 2432 695 2499 a
732 2405 842 2498 nous
873 2427 1025 2500 videtur
1052 2469 1098 2506 ,-
1127 2427 1285 2520 quidam
1320 2422 1495 2497 arbitrati

372 2568 479 2640 sunt.
