3598 5616
368 539 405 596 72
854 551 945 593 onrur
967 551 1009 590 nr.

272 703 275 707 ·
366 679 515 748 Antonio
537 677 782 748 adscribendus
812 688 874 757 ost,
907 678 964 767 qui
988 701 1050 767 pro
1082 700 1204 744 nouem
1230 699 1298 756 res,
1325 675 1492 764 scripsit:

367 810 476 856 novus
498 789 580 875 ree]

410 896 511 962 Boeo.
545 893 679 981 (ibid.);
707 902 757 959 ter
782 893 814 958 in
845 892 962 960 eadem
993 890 1127 958 fabulae
1160 900 1255 980 parte
1291 899 1495 981 repetuntur

365 1001 471 1069 verba
494 1025 500 1067 :
527 1029 539 1063 ι
573 1001 605 1067 la
626 999 725 1090 quale
751 1009 868 1090 aperta
893 1009 1095 1066 trovarono.
1111 1052 1139 1067 ..
1169 1023 1199 1077 u,
1227 997 1287 1064 sed
1317 997 1422 1064 semel
1445 998 1495 1064 sie

367 1107 593 1197 intelligenda
612 1118 693 1175 sunt
716 1131 760 1173 :u
782 1106 816 1174 la
837 1105 936 1196 quale
959 1105 1138 1195 (hisaeeia)
1160 1114 1291 1196 aperta,
1309 1114 1494 1172 trovarono

364 1215 560 1306 (deutro)in
580 1238 623 1281 un
641 1237 726 1303 gran
743 1213 882 1304 viluppo
897 1212 929 1279 di
946 1211 1098 1280 zendado
1119 1211 1262 1279 fasciata
1276 1235 1343 1278 una
1363 1210 1495 1303 pieeola

365 1323 564 1390 oassettina.
595 1329 681 1387 u'-
711 1321 845 1387 Transl.
877 1345 883 1386 :
919 1346 933 1382 κ
964 1319 1017 1386 Ils
1051 1330 1259 1386 trouverent
1288 1317 1323 1385 lu
1358 1317 1495 1386 besusse

365 1441 521 1508 ouverte⁵
547 1439 577 1496 et
603 1428 731 1496 dedans
752 1451 798 1494 un
824 1436 926 1517 grant
949 1426 1141 1516 envelopail
1163 1425 1203 1493 de
1227 1449 1309 1517 soye
1332 1426 1373 1492 ils
1394 1435 1493 1493 trou-

365 1546 486 1606 verent
506 1559 577 1626 ung
593 1536 723 1603 eoffret.
745 1561 759 1598 u
786 1535 985 1623 [Antonium
1008 1533 1226 1602 transtulisse
1255 1556 1363 1624 quom
1391 1555 1495 1620 oper-

366 1656 440 1713 tam
463 1643 677 1712 inuenerunt
697 1644 814 1732 patet]
926 1673 932 1684 ¹

410 1753 511 1818 Boee.
544 1750 668 1838 (Pestis
698 1749 825 1834 deser.)
852 1776 859 1829 ;
896 1748 1032 1838 saepius
1060 1747 1095 1814 in
1127 1748 1233 1838 pestis
1262 1747 1494 1837 descriptione

366 1867 485 1926 auctor
497 1857 609 1924 verbis
625 1880 646 1925 a
663 1855 857 1935 centenero,
874 1879 896 1922 o
917 1855 1081 1947 rnt'qlioio
1100 1879 1181 1922 usus
1199 1866 1323 1937 est;—
1335 1854 1490 1922 Transl:

369 1995 381 2027 ι
397 1968 543 2056 jusques
562 1988 604 2031 au
626 1962 768 2031 nombre
789 1962 830 2030 de
846 1973 936 2042 cent,
950 1966 1096 2053 jusques
1111 1985 1153 2029 au
1170 1962 1313 2030 nombre
1328 1961 1369 2029 de
1385 1960 1456 2029 mil.
1475 1989 1490 2026 »

369 2072 550 2161 [Antonius
572 2070 706 2137 videtur
720 2069 937 2137 transtulisse
952 2069 1002 2137 od
1016 2081 1167 2150 eentum,
1190 2069 1242 2137 ud
1255 2069 1379 2158 mille]

417 2307 611 2379 Interdum
649 2306 765 2379 etiem
799 2305 1033 2399 negligenter
1070 2310 1107 2378 et
1146 2327 1321 2400 perverse
1366 2305 1494 2379 italioa

365 2440 555 2535 quaedem
571 2440 689 2512 verbe
708 2439 799 2534 legit
818 2437 1032 2511 Antonius:

410 2654 511 2719 Boce.
531 2652 703 2740 (Prooem.
720 2650 857 2717 decadis
873 2651 933 2738 lv)
952 2674 989 2716 :«
1011 2649 1140 2718 henelut
1155 2651 1187 2717 le
1202 2650 1316 2720 donne
1337 2653 1416 2742 quel
1431 2654 1493 2722 elie

366 2759 396 2826 le
427 2760 525 2826 Muse
553 2756 719 2848 eaqliono
750 2779 819 2825 nen
845 2756 1073 2848 eoqlieoo...
1103 2785 1118 2822 u
1145 2799 1188 2809 —-
1214 2760 1349 2826 Transl.
1379 2785 1386 2828 :
1415 2787 1430 2824 «
1452 2763 1494 2831 Et

365 2865 523 2932 eombien
539 2888 604 2954 que
625 2864 675 2932 les
696 2865 839 2931 lemmes
859 2865 999 2931 veulent
1021 2889 1058 2932 oe
1087 2889 1152 2955 que
1177 2865 1225 2934 les
1250 2866 1393 2936 femmes
1414 2893 1493 2937 veu-

366 2972 436 3040 lent
452 2995 496 3039 ou
515 2995 553 3039 oe
568 2970 709 3061 qu'elles
726 2994 768 3038 ne
784 2970 923 3039 veulent
936 2975 958 3037 ¹.
977 2999 991 3034 ι
1013 2971 1207 3060 [Manifesta
1223 2975 1394 3042 Antonius
1411 2977 1494 3066 legit

366 3078 540 3170 voqliorm,
565 3077 751 3169 voqliono;
779 3078 807 3144 si
832 3078 1027 3169 scripsisset
1054 3078 1187 3159 uolent,
1213 3079 1359 3149 valeant
1379 3105 1493 3151 errare

366 3209 434 3252 non
455 3186 623 3276 potuisset
640 3185 873 3273 Laurentius]

410 3294 511 3359 Boee.
531 3294 585 3378 (X,
608 3295 627 3359 9
652 3292 685 3358 in
714 3292 793 3379 fine)
816 3316 822 3358 :
848 3319 864 3351 (ι
886 3291 1004 3359 Cotale
1025 3292 1185 3382 adunque
1210 3294 1245 3360 lu
1270 3295 1295 3361 il
1315 3295 1382 3363 fine
1403 3295 1494 3363 delle

366 3399 444 3467 noie
467 3399 498 3466 di
519 3401 650 3467 Messer
673 3399 822 3466 'lorello
847 3423 863 3466 u
882 3439 924 3452 -
947 3400 1109 3466 Transl.:
1139 3427 1172 3472 u,
1188 3457 1216 3472 ,,
1239 3401 1271 3468 la
1287 3402 1333 3469 fin
1351 3403 1393 3471 de
1408 3403 1492 3471 l'on-

365 3530 471 3576 neor.
487 3561 515 3576 ..
540 3534 555 3570 »
577 3507 655 3594 [Pro
671 3504 763 3574 delle
783 3506 860 3574 noia
879 3507 1050 3573 Antonius
1064 3507 1148 3597 legit
1168 3507 1384 3591 dell'onore;
1403 3513 1491 3578 Lau·

365 3613 476 3680 rentio
494 3614 598 3703 igitur
613 3613 740 3703 injuria
760 3636 912 3681 errorem
929 3613 1019 3680 hunc
1040 3615 1289 3705 imputaverint

415 3841 645 3913 Laurentius
665 3845 793 3914 autem
815 3839 950 3934 parum
972 3842 1215 3937 perspicuum
1241 3844 1399 3917 Antonii
1419 3846 1494 3918 sti-

271 4071 273 4078 ·
366 3974 460 4064 lum,
478 3974 593 4047 etiem
609 3997 696 4047 eum
710 3973 872 4046 vitiosus
887 3997 964 4047 non
984 3981 1094 4066 esset,
1117 3977 1351 4071 negligenter
1369 3979 1494 4052 inter-

406 4233 410 4266 ¹
434 4232 516 4287 Haeo
528 4237 577 4286 est
590 4233 706 4287 codicis
723 4234 828 4288 Arsen.
845 4232 917 4289 5070
940 4235 1039 4303 leone,
1057 4249 1095 4289 ex
1117 4249 1177 4304 qua
1195 4237 1345 4305 colligitur
1364 4238 1492 4293 Lauren-

368 4321 443 4375 tium
458 4336 516 4375 non
533 4319 607 4374 nihil
619 4322 728 4377 teeisse
738 4328 772 4377 ut
788 4338 827 4377 ex
842 4323 976 4378 absurda
990 4325 1139 4378 sententia
1151 4324 1265 4392 aliquid
1281 4331 1381 4381 tamen
1401 4327 1494 4394 signi-

367 4411 526 4480 ficaretur3
547 4412 576 4464 in
597 4412 702 4466 codice
726 4411 761 4464 tr.
778 4410 831 4466 129
844 4413 964 4480 gravior
984 4413 1076 4467 etiam
1101 4414 1181 4468 laeta
1202 4421 1251 4469 est
1273 4416 1407 4485 mutatio,
1433 4431 1493 4485 quo

369 4499 478 4554 melius
501 4513 610 4568 sensus
625 4500 734 4568 aliquis
748 4501 890 4556 videlieet
911 4501 1152 4569 exprimeretur:
1176 4521 1189 4552 u
1211 4503 1246 4557 Et
1268 4504 1407 4559 combien
1434 4520 1493 4573 que

368 4590 412 4643 les
427 4590 564 4643 hommes
579 4589 702 4643 veulent
715 4604 750 4645 ee
766 4603 825 4657 que
846 4591 891 4644 les
906 4590 1034 4645 lemmes
1049 4591 1185 4646 veulent.
1197 4632 1222 4649 ..
1242 4598 1303 4650 etc.
1315 4634 1339 4648 .,
1365 4612 1379 4642 »
