3598 5616
387 510 427 570 lt
879 528 969 572 carm
989 528 1022 571 η.
1103 557 1108 584 ,.
1205 515 1216 540 ·

433 704 459 772 ll
479 705 641 773 convient
662 730 699 774 ce
722 729 775 772 me
800 705 929 774 semble
955 731 1020 797 que
1048 707 1099 775 les
1125 708 1230 777 livres
1250 709 1353 778 latins
1373 733 1415 778 en
1441 710 1515 778 leur

388 812 597 881 translacion
613 813 725 880 soient
749 835 845 880 muaz
877 823 911 881 et
929 815 1101 883 convertis
1129 840 1171 883 en
1202 815 1247 885 tel
1268 817 1427 908 langaiga
1448 841 1515 908 que

387 919 438 987 les
467 919 592 988 liseurs
621 930 654 989 et
687 930 889 988 escouteurs
929 921 1075 990 d’teeulx
1110 922 1266 1012 puissent
1290 924 1515 1014 comprendrc

388 1026 494 1094 l’elfet
508 1026 596 1095 dela
615 1037 776 1095 sentence
801 1050 878 1094 sanz
899 1039 974 1122 trop
1005 1038 1106 1119 grant
1126 1053 1170 1098 ou
1196 1040 1272 1121 trop
1300 1031 1371 1099 lent
1394 1031 1515 1098 travail

390 1133 678 1202 d’entendement.

393 1380 402 1393 ·
440 1341 539 1415 Haeo
560 1341 633 1414 fuit
651 1342 767 1436 igitur
785 1342 927 1415 laboris
955 1365 1044 1437 pars
1065 1343 1182 1437 prior,
1206 1343 1347 1417 seilicet
1365 1349 1410 1416 ut
1428 1345 1516 1418 cali-

390 1477 518 1572 ginem
534 1481 571 1549 et
585 1477 761 1549 tenebras
776 1476 1038 1549 translationis
1053 1475 1169 1549 nimis
1184 1477 1285 1550 fidae
1299 1483 1338 1550 et
1355 1477 1432 1550 stili
1448 1477 1517 1551 im-

391 1610 508 1704 pediti
537 1611 766 1705 dispelleret,
798 1610 1007 1684 sententias
1034 1611 1177 1684 scilicet
1195 1611 1365 1685 boccacii
1394 1611 1517 1686 inter·
1633 1625 1637 1630 '

393 1750 604 1839 pretaretur
636 1745 762 1838 potius
798 1767 914 1838 quam
948 1745 1182 1818 transferret.
1225 1745 1365 1820 Sedet
1398 1748 1517 1820 altera

391 1900 507 1952 causa
521 1883 615 1969 erat,
637 1883 731 1952 teste
751 1879 969 1968 Laurentio,
988 1901 1056 1952 cur
1069 1879 1237 1973 legentes
1251 1902 1362 1975 aegre
1375 1881 1515 1953 librum

392 2012 664 2106 intelligerent:
679 2013 772 2085 adeo
791 2013 905 2085 rudes
917 2018 955 2086 et
973 2013 1109 2086 litteris
1124 2011 1240 2085 alieni
1254 2017 1364 2086 erant
1379 2011 1451 2106 ipsi
1462 2011 1517 2084 illi

392 2147 458 2241 qui
473 2151 564 2220 tuno
579 2145 703 2218 clerici
715 2146 843 2219 vocari
854 2147 1047 2238 volebant,
1056 2152 1112 2236 ut,
1121 2168 1208 2219 cum
1219 2146 1336 2219 libros
1346 2169 1369 2219 a
1381 2146 1516 2241 poetis,

392 2279 628 2374 philosophis
647 2284 684 2351 et
702 2279 893 2353 historicis
909 2280 1066 2374 scriptos
1085 2280 1265 2375 legerent,
1287 2302 1332 2353 ea
1355 2301 1453 2374 quae
1472 2279 1519 2351 de

393 2413 614 2486 hominibus
633 2419 670 2486 et
689 2414 863 2487 derebus
882 2415 998 2488 etiam
1020 2415 1113 2488 satis
1129 2415 1341 2488 illustribus
1355 2415 1521 2489 breviter

394 2548 712 2644 significabantur
752 2571 827 2622 non
864 2549 1129 2645 intelligerent.
1172 2550 1408 2644 Quapropter
1449 2551 1520 2622 hoc

394 2704 545 2778 quoque
560 2683 799 2756 translatoris
814 2683 983 2757 officium
1004 2689 1098 2775 erat,
1115 2705 1161 2757 ea
1177 2684 1325 2778 copiose
1341 2705 1518 2756 enarrare

394 2822 431 2889 et
464 2817 736 2890 commentario
755 2817 941 2890 instruere
974 2840 1072 2911 quae
1105 2817 1327 2890 summatim
1360 2817 1519 2911 scriptor

395 2957 693 3026 memoraverat:
1079 2939 1085 2954 ⁸

440 3135 480 3200 Et
494 3157 556 3224 par
576 3134 661 3200 ainsi
680 3159 718 3202 ce
744 3135 844 3216 livre,
866 3134 975 3202 moult
1000 3134 1120 3202 estroit
1143 3143 1174 3200 et
1195 3133 1285 3201 brief
1309 3157 1351 3201 en
1371 3133 1519 3224 paroleS,

396 3251 449 3309 est
468 3251 564 3309 entre
579 3251 656 3309 tous
676 3242 707 3310 le
724 3243 801 3333 plus
817 3242 928 3332 ample
943 3252 977 3309 et
1001 3241 1032 3309 le
1048 3240 1124 3331 plus
1139 3239 1256 3331 long¹,
1276 3265 1294 3306 a
1312 3241 1344 3309 la
1364 3239 1521 3309 droitex-

395 3347 529 3438 pliquer
549 3371 609 3438 par
631 3359 810 3418 sentences
830 3347 1048 3416 ramenahles
1076 3371 1144 3414 anx
1170 3347 1344 3415 histoires
1378 3349 1429 3414 En
1459 3346 1520 3415 lai-

397 3454 637 3546 santdonques
653 3457 921 3548 cestehesoigne
937 3456 1064 3546 longua
1077 3454 1292 3545 etaspendue
1303 3455 1521 3524 etrecueillie

395 3563 437 3630 do
452 3562 567 3631 divers
588 3564 788 3644 historiens,
818 3587 881 3655 par
901 3563 932 3631 le
952 3563 1065 3630 moian
1086 3561 1127 3629 de
1157 3562 1190 3629 la
1208 3585 1311 3652 grace
1338 3562 1466 3643 divine,
1485 3566 1498 3654 j

397 3671 487 3738 vueil
503 3671 786 3762 principalement
803 3694 881 3761 moy
898 3670 1004 3738 ficher
1019 3693 1061 3737 en
1080 3668 1171 3736 deux
1187 3668 1323 3748 choses,
1335 3668 1419 3736 c'est
1430 3691 1521 3736 assa·

397 3777 471 3845 voir
488 3788 610 3846 mettre
623 3802 665 3846 en
682 3779 751 3848 cler
772 3777 932 3869 langaiga
953 3777 1002 3843 les
1032 3786 1213 3844 sentences
1234 3775 1278 3843 du
1298 3775 1399 3856 livre,
1421 3785 1453 3843 et
1472 3775 1521 3843 les

302 3899 303 3904 ’
358 3935 361 3942 .
397 3884 569 3965 histoires,
592 3886 648 3975 qui
665 3910 726 3976 par
745 3886 913 3953 l'aucteur
929 3893 1008 3952 sont
1024 3883 1051 3950 si
1072 3882 1257 3953 briefment
1276 3883 1440 3951 touchees
1456 3906 1522 3974 que

398 3992 420 4058 il
445 3992 521 4058 n'en
559 4002 627 4060 mot
658 3993 728 4060 fors
759 3992 928 4060 saulment
957 3990 1007 4057 les
1033 4013 1153 4070 noms,
1172 3993 1209 4082 je
1235 3989 1286 4058 les
1320 3989 1522 4080 assouviray

397 4101 493 4168 selon
514 4101 547 4168 la
565 4101 672 4168 verito'
688 4101 748 4168 des
772 4099 869 4167 vieilz
885 4097 1071 4202 historiens
1092 4099 1149 4187 qui
1166 4121 1208 4165 au
1233 4098 1316 4186 long
1330 4097 1381 4164 les
1397 4098 1522 4188 ascrip-

396 4209 520 4276 virent.

432 4419 440 4452 ¹
463 4417 539 4482 Quia
550 4415 667 4470 scilicet
679 4415 709 4468 in
724 4414 801 4469 libro
817 4418 1024 4469 memorantur
1044 4412 1182 4467 miseriae
1195 4425 1299 4466 eorum
1319 4411 1454 4466 omnium
1470 4412 1521 4480 qui

396 4506 605 4562 crudelitatem
620 4505 758 4560 fortunae
773 4504 892 4573 experti
906 4508 978 4558 sunt
997 4502 1035 4557 ab
1051 4502 1138 4555 initio
1154 4502 1258 4556 mundi
1273 4515 1369 4569 usque
1384 4503 1422 4556 ad
1436 4501 1524 4556 Joan-

397 4610 466 4652 nem
482 4595 508 4650 ll
521 4595 703 4650 Francorum
715 4607 828 4662 regem.
