3598 5616
355 478 394 538 88
836 493 927 536 utruv
951 495 993 536 111.

405 625 508 712 Quae
547 625 593 697 de
635 624 802 698 locorum
850 623 1101 718 descriptione
1137 622 1366 717 urbiumque
1406 623 1485 696 situ

355 757 492 852 adjecit
515 756 744 830 Laurentius
770 755 881 829 nobis
907 755 1022 828 iidem
1046 755 1193 829 iaciunt
1212 778 1313 848 curn,
1340 755 1406 850 qui
1432 757 1483 832 ab

356 891 523 964 Antonio
542 890 640 964 nihil
666 889 858 985 quaesivit
880 910 956 983 quo
977 890 1112 962 melius
1133 889 1302 962 Bocoacii
1324 889 1486 963 scutenss

355 1025 429 1098 tias
450 1025 689 1120 intelligeret,
715 1026 765 1098 ub
796 1047 839 1097 eo
859 1026 991 1096 contra
1015 1024 1201 1096 nonnulla
1219 1029 1482 1119 percontatum

356 1181 436 1232 esse
460 1159 506 1232 dc
524 1158 775 1254 geographia¹
805 1162 872 1230 aut
893 1157 939 1228 de
958 1156 1189 1250 quibusdam
1209 1156 1387 1230 civilibus
1407 1157 1483 1230 ins-

356 1291 509 1365 titutis:

401 1485 502 1552 Bocc.
530 1485 604 1570 (Ill,
635 1489 669 1570 ὃ)
695 1509 702 1550 :
733 1511 747 1546 u
777 1487 825 1552 Fu
855 1485 888 1551 in
918 1486 1108 1556 Pistoia...
1142 1510 1187 1552 un
1220 1485 1428 1558 cavaller...
1461 1486 1483 1551 il

357 1591 456 1681 quale
487 1591 644 1658 dovcndo
679 1591 786 1659 ander
819 1592 961 1683 podesla
994 1593 1026 1660 di
1056 1593 1245 1678 Milone„
1274 1617 1289 1655 o
1316 1618 1324 1672 ;
1352 1594 1480 1661 Leuc:

360 1727 372 1762 v
395 1701 574 1766 Tuscanuc
589 1709 640 1766 cst
657 1722 723 1765 unc
739 1709 808 1766 tres
825 1699 925 1767 noble
943 1709 976 1766 et
992 1710 1061 1766 tres
1078 1700 1245 1766 ancienne
1261 1701 1423 1790 province
1438 1699 1482 1766 du

357 1805 429 1896 pais
445 1805 486 1872 dc
506 1805 614 1884 Italic,
642 1806 699 1894 qui
720 1807 873 1874 contient
891 1806 1056 1896 quelques
1078 1806 1197 1873 nobles
1215 1817 1248 1875 et
1268 1807 1380 1874 riclvcs
1400 1807 1483 1874 citez

357 1923 453 1980 entre
470 1912 651 2002 lesquelles
668 1922 803 1980 estune
820 1935 978 1982 nominee
995 1914 1150 2004 Pistcyc.
1167 1971 1195 1984 ..
1218 1914 1265 1982 Or
1286 1914 1402 1982 advint
1417 1938 1482 2004 que

358 2020 453 2087 selon
474 2019 506 2086 la
531 2029 710 2086 coustumc
730 2019 771 2087 dc
794 2021 903 2100 Italic,
932 2044 1019 2111 pour
1044 2045 1081 2088 cc
1102 2045 1168 2110 quc
1195 2021 1245 2088 lcs
1265 2021 1389 2102 bailliz‚
1409 2045 1483 2113 prc-

357 2137 463 2206 vostz,
478 2129 579 2215 juges
596 2136 628 2193 ct
644 2137 759 2194 autres
775 2127 922 2194 officiens
939 2127 979 2194 de
992 2129 1118 2218 justice
1134 2128 1274 2196 doivent
1289 2139 1378 2196 estre
1390 2130 1484 2219 prins

358 2233 399 2301 de
414 2232 583 2323 loingtaiu
604 2243 637 2300 et
653 2245 814 2324 estrange
834 2235 921 2324 pais,
943 2235 1051 2302 cestui
1076 2234 1250 2302 chevalier
1266 2236 1318 2303 lut
1337 2236 1430 2303 esleu
1451 2247 1485 2304 et

358 2339 480 2406 mande
511 2339 551 2406 de
583 2363 644 2430 par
666 2340 767 2408 cculx
796 2340 837 2406 de
869 2340 985 2420 Milan,
1010 2365 1076 2408 unc
1105 2341 1169 2408 cite
1196 2341 1237 2408 de
1265 2343 1481 2419 Lombardie,

357 2470 445 2537 pour
464 2457 554 2515 estre
570 2447 661 2515 huilli
683 2447 794 2514 d’illcc
812 2458 846 2516 ct
866 2471 951 2538 pour
967 2473 987 2539 y
1003 2472 1199 2538 gouveruer
1213 2449 1246 2515 la
1258 2451 1385 2541 justice
1400 2461 1484 2517 tenr-

358 2555 473 2645 porele
493 2578 555 2644 par
570 2555 622 2622 six
643 2555 730 2623 rucis
751 2555 889 2622 cutiens.
913 2580 927 2622 v

410 2743 535 2817 Semel
553 2750 704 2817 tantum
729 2745 958 2818 Laurentius
978 2767 1037 2818 res
1056 2747 1242 2839 quasdam
1264 2769 1288 2818 a
1308 2747 1484 2820 Boccacio

358 2883 534 2952 narratas
545 2879 710 2952 mutavit
725 2884 793 2952 aut
803 2881 938 2952 saltem
954 2879 1008 2951 ita
1022 2880 1210 2974 disposuit
1225 2881 1483 2975 utlcgcntium

358 3013 507 3085 animos
526 3012 664 3085 callida
682 3013 849 3106 quadam
870 3014 1039 3086 novitate
1060 3019 1240 3104 moveret,
1263 3013 1303 3086 in
1323 3014 1485 3108 descrip-

358 3146 460 3219 tione
493 3146 634 3219 scilicet
664 3147 946 3241 stratagematis
976 3146 1176 3241 cujusdam
1205 3149 1307 3242 quod
1329 3149 1484 3221 'iunctis

359 3280 437 3374 regi
458 3280 668 3353 Martucius
697 3281 857 3353 Cubitus
877 3281 1053 3375 proponit
1074 3281 1138 3375 (V,
1159 3281 1197 3376 2)
1219 3281 1244 3354 2.
1270 3281 1395 3356 Semel
1413 3283 1485 3355 de-

396 3514 404 3550 l
425 3513 511 3567 Bocc.
527 3513 585 3580 (IX,
596 3511 622 3574 6)
638 3529 643 3566 :
660 3533 673 3562 u
690 3513 743 3567 Nel
759 3513 831 3580 pian
848 3513 877 3566 di
891 3513 1041 3578 Mugnone
1058 3530 1088 3581 »3
1109 3513 1216 3568 Lanu:
1235 3531 1247 3565 v
1266 3528 1304 3568 ou
1322 3514 1404 3582 plain
1419 3513 1485 3582 pais

359 3604 460 3671 gisant
473 3602 595 3657 environ
611 3603 641 3656 la
653 3602 761 3656 riviere
776 3603 814 3656 dc
829 3603 958 3670 Muguon
972 3602 1038 3672 (sic)
1050 3616 1135 3657 assez
1149 3617 1218 3671 pres
1229 3603 1267 3658 de
1282 3602 1459 3658 Flourenoe.
1470 3621 1484 3652 o

358 3722 392 3732 -
408 3694 494 3747 Bocc.
512 3691 544 3761 (Ι,
560 3690 602 3754 5);
623 3713 632 3739 ι
657 3691 698 3745 La
713 3691 870 3746 Marchesa
884 3692 913 3744 di
931 3690 1126 3747 Monterrato.
1138 3732 1162 3747 ..
1188 3709 1216 3760 »;
1235 3693 1320 3747 Laur.
1336 3709 1341 3746 :
1365 3712 1377 3744 α
1393 3694 1486 3747 Darne

361 3782 549 3848 ugatuodine
574 3781 728 3848 marquise
751 3780 788 3836 de
814 3781 1009 3835 Montterraut
1037 3781 1087 3850 qui
1103 3787 1150 3836 est
1168 3796 1231 3848 ung
1249 3783 1357 3837 ancien
1379 3787 1408 3836 et
1428 3783 1486 3836 tort

360 3872 475 3925 chastcl
501 3885 539 3925 en
569 3871 743 3939 Pymont...
770 3886 799 3939 »;
829 3871 897 3924 vide
923 3876 1081 3939 praeterea
1104 3885 1182 3938 quae
1202 3871 1345 3926 dicuntur
1365 3873 1403 3926 de
1426 3871 1485 3926 situ

361 3961 483 4014 Genuae
498 3959 530 4029 (Ι,
547 3956 584 4027 8),
600 3960 638 4012 de
657 3981 666 4005 ι
685 3959 816 4028 Bologne
830 3960 859 4013 la
874 3973 978 4027 grasse
998 3977 1011 4007 »
1029 3957 1060 4025 (Ι,
1072 3958 1110 4028 9),
1126 3964 1187 4014 etc.
1200 4000 1223 4015 ..

397 4048 407 4080 ²
426 4050 511 4104 Laur.
530 4065 535 4102 ι
559 4069 572 4097 α
593 4049 616 4103 Il
631 4048 774 4103 convient
788 4050 826 4103 dc
848 4063 903 4117 par
925 4063 1001 4102 vous
1025 4050 1221 4103 commender
1241 4055 1445 4104 seoreternent
1470 4064 1488 4104 a

361 4145 429 4194 tous
444 4139 582 4192 homines
604 4139 642 4192 de
657 4139 729 4192 uait
752 4138 867 4193 cautele
883 4138 921 4192 de
943 4138 1076 4204 bataille,
1093 4139 1143 4207 qui
1168 4152 1244 4206 pour
1269 4153 1343 4193 vous
1366 4141 1487 4194 comba-

361 4234 451 4296 tront‚
464 4243 523 4299 quc
540 4242 615 4296 pour
630 4229 712 4283 leurs
727 4241 795 4282 arcs
808 4228 846 4283 ils
861 4227 962 4281 tacent
976 4229 1083 4281 cordes
1096 4228 1165 4295 plus
1178 4227 1293 4282 deliees
1304 4233 1335 4282 et
1348 4229 1487 4284 subtilles

361 4333 420 4387 que
435 4333 473 4373 on
499 4332 537 4372 ne
561 4318 673 4372 souloit
690 4317 765 4372 taire
781 4321 1038 4372 commrrnernent.
1066 4316 1101 4370 Et
1124 4316 1183 4371 alin
1199 4332 1258 4385 que
1277 4318 1307 4371 la
1323 4318 1444 4373 roideur
1457 4324 1488 4372 et

361 4413 445 4463 vertu
460 4409 515 4462 des
536 4408 644 4461 cordes
669 4421 706 4460 ne
728 4406 786 4460 soit
803 4406 927 4460 menduc
945 4420 1004 4474 que
1026 4410 1181 4474 paravant,
1197 4407 1242 4460 les
1261 4406 1396 4462 condiers
1418 4422 1487 4462 use·

362 4502 430 4551 ront
443 4497 481 4551 de
495 4496 642 4550 chanvres
662 4500 693 4549 et
713 4494 773 4548 lius
798 4494 952 4548 meilleurs
966 4495 1079 4562 etplus
1095 4494 1212 4548 alfinez.
1234 4494 1269 4548 Et
1290 4508 1487 4563 consequem-

362 4591 446 4641 ment
457 4587 502 4640 les
524 4585 659 4640 ouvriers
674 4598 711 4636 au
734 4583 807 4638 hout
826 4584 881 4638 des
903 4584 1034 4638 llesclres
1049 4583 1146 4638 terent
1164 4584 1273 4638 osches
1289 4584 1443 4653 adjustees
1458 4591 1489 4640 et
