3598 5616
764 559 854 603 etrus
876 559 908 602 u.
1363 541 1401 603 45

327 697 430 771 Duas
443 719 505 771 res
519 718 607 790 ergo
627 695 812 790 inspicere
828 694 1061 767 debemusin
1072 695 1192 768 altera
1206 695 1401 769 Laurentii

276 831 547 904 translatione:
571 831 673 902 hanc
689 852 708 900 <‹
724 827 1000 923 expositionem
1014 852 1032 897 »
1050 827 1286 918 vocabimus,
1304 847 1402 921 quae

276 965 325 1037 ad
336 964 612 1037 sententiarum
623 962 931 1058 perspicuitatem
944 966 1094 1034 tantum
1110 952 1286 1055 pertinet,
1298 960 1403 1031 illam

276 1105 409 1173 contra
430 1125 447 1170 u
477 1097 835 1172 commentationem
865 1122 899 1169 ».
1317 1171 1321 1178 ,

328 1234 380 1307 De
400 1232 634 1328 expositione
654 1232 843 1326 imprimis
859 1232 1070 1304 notandum
1087 1237 1144 1304 est
1156 1230 1404 1303 Laurentium

278 1370 360 1464 ipso
391 1367 560 1441 Boccaoii
588 1368 686 1439 libro
713 1367 852 1439 iterum
878 1387 954 1438 non
980 1387 1093 1438 usum
1113 1387 1216 1439 esse:
1241 1367 1405 1460 priorem

279 1502 568 1576 translationem
599 1522 722 1590 suam,
754 1521 830 1572 nou
859 1500 1023 1572 latinum
1058 1500 1181 1593 operis
1214 1501 1408 1594 exemplar

280 1643 368 1711 aute
387 1637 515 1709 oculos
538 1636 687 1725 habuit,
706 1655 774 1707 neo
795 1634 1001 1727 quiequam
1025 1634 1097 1706 sibi
1116 1635 1312 1736 proposuit
1332 1613 1406 1707 nisi

280 1770 420 1844 clarius
435 1776 472 1845 et
492 1769 682 1864 copiosius
696 1768 908 1863 exprimere
924 1791 968 1841 ea
983 1790 1081 1862 quae
1096 1769 1202 1862 prius
1219 1769 1352 1842 inscite
1371 1776 1409 1843 et

281 1908 408 2000 inepte
433 1904 646 1998 scripserat.
670 1903 776 1991 Quod
792 1902 931 1975 multis
951 1907 989 1974 et
1014 1903 1154 1974 validis
1173 1903 1409 1997 argumentis

282 2041 527 2134 comprobare
555 2037 654 2127 licet,
681 2058 779 2129 quae
806 2059 853 2108 cx
881 2036 1067 2109 ambabus
1093 2037 1409 2110 translationibus

183 2180 193 2200 ⁸
282 2174 484 2268 diligenter
512 2171 659 2245 collatis
695 2170 979 2264 decerpsimus:
1011 2171 1160 2263 quoties
1189 2171 1410 2264 quaerimus

283 2307 375 2402 quid
394 2307 441 2380 de
460 2306 515 2378 eis
530 2304 623 2377 locis
638 2303 787 2412 lactum·
797 2304 847 2376 sit
861 2304 900 2374 in
916 2304 1057 2398 quibus
1072 2304 1243 2377 Boccaoii
1261 2310 1411 2378 senten-

287 2441 339 2514 tia
352 2461 469 2535 prave
484 2460 663 2533 expressa
675 2438 794 2532 prius,
803 2444 871 2511 aut
882 2461 1037 2533 prorsus
1049 2440 1200 2533 prodita
1213 2444 1307 2530 erat,
1316 2440 1411 2512 adeo

285 2596 362 2647 non
377 2574 417 2645 in
432 2574 553 2647 altera
571 2572 820 2645 translatione
834 2573 1010 2646 mendam
1031 2574 1222 2646 sublatam
1237 2573 1412 2646 videmus
1516 2597 1520 2604 ·

285 2712 328 2780 ut
347 2707 520 2781 camdem
541 2712 673 2781 contra
686 2706 839 2800 saepius
857 2712 1057 2780 auctamet
1074 2708 1185 2802 quasi
1201 2707 1413 2802 amplifica-

281 2815 366 2914 tam
382 2841 640 2930 inveniamus,
663 2840 852 2934 siquidem
865 2862 913 2913 ex
932 2840 1076 2935 ineptia
1087 2841 1316 2914 Laurentius
1329 2864 1413 2914 scn-

288 2997 373 3047 sum
392 2973 559 3070 aliquem
585 2974 804 3068 depromere
836 2974 1045 3070 voluerit¹3
1071 2996 1116 3047 ea
1144 2981 1272 3048 autem
1296 2976 1414 3048 verba
1485 2949 1487 2956 ⁵

288 3108 499 3203 inquibus
530 3108 611 3202 ipse
642 3107 789 3180 nullam
825 3102 1143 3201 significationem
1178 3109 1411 3200 inveniebat,

324 3360 332 3394 ¹
353 3358 532 3415 Notavimus
547 3371 641 3426 supra
654 3361 695 3426 (p.
715 3357 759 3426 to,
774 3358 843 3411 adn.
859 3357 888 3423 1)
902 3358 1037 3427 ineptam
1058 3361 1288 3416 translationem
1311 3363 1415 3417 verbo-

289 3462 355 3503 rum
372 3468 385 3500 ι
401 3449 442 3502 Eo
454 3447 570 3503 terente
584 3461 657 3503 casu
680 3447 809 3502 Fortuna
822 3448 976 3502 transiens
989 3465 1017 3517 r;
1034 3447 1080 3503 sic
1095 3450 1261 3505 redduntur
1274 3453 1304 3504 in
1319 3452 1417 3506 altera

289 3538 506 3593 translatione:
526 3557 536 3584 ‹
554 3536 595 3591 Or
608 3536 711 3590 advint
723 3550 782 3606 que
796 3550 814 3590 a
828 3535 906 3590 celle
921 3549 1038 3591 mesme
1054 3537 1147 3593 heure
1157 3539 1288 3594 Fortune
1301 3541 1351 3610 qui
1361 3554 1417 3610 par

290 3627 360 3682 illec
371 3627 547 3696 passoit...»
568 3656 597 3665 -
609 3626 639 3680 L.
662 3625 684 3680 1.
701 3639 727 3680 c.
744 3637 842 3680 xv111:
866 3644 878 3675 r
895 3626 1024 3695 Insuper
1037 3627 1089 3696 qui
1100 3628 1162 3682 sint
1176 3633 1207 3682 et
1218 3630 1256 3683 ad
1272 3629 1417 3698 quidnati

291 3714 1419 3786 perspicerenttjuveues)‚liberiqueanimalitamindomito(mulieri)colla

291 3807 430 3862 subicere
439 3810 635 3860 recusarent·
649 3821 655 3873 3
668 3804 849 3859 Laurentius
864 3819 924 3860 non
939 3805 1130 3861 viditvocem
1143 3806 1230 3860 tiberi
1239 3808 1276 3863 ad
1290 3809 1417 3864 alteram

293 3895 530 3965 propositionem
545 3894 822 3963 referendamesse,
837 3899 869 3949 et
879 3895 947 3949 ideo
958 3895 1307 3966 sictraustuleratprius:
1320 3919 1329 3946 ι
1340 3901 1420 3954 avec

293 3999 328 4040 ce
350 3999 384 4040 se
404 3986 442 4040 ilz
468 3984 662 4052 regardoient
685 3997 766 4052 quoy
790 3983 829 4037 ilz
849 3989 920 4038 sont
941 3988 972 4038 et
998 3998 1016 4039 a
1043 3998 1123 4054 quoy
1137 3986 1189 4040 -iiz
1212 3992 1282 4041 scut
1309 4002 1364 4042 nez
1388 3993 1420 4043 et

293 4075 404 4143 francs,
421 4075 458 4129 ils
480 4073 702 4143 retiuseroient,
718 4077 814 4128 etc...
836 4089 862 4137 u,
882 4079 913 4128 et
936 4079 1043 4143 postea
1066 4074 1097 4128 iu
1120 4089 1223 4130 errore
1245 4090 1421 4146 persevera-

293 4163 378 4219 vit:‹
402 4164 440 4218 Se
454 4163 501 4217 les
516 4163 653 4216 hommes
676 4161 870 4229 regardoient
893 4176 972 4231 quoy
994 4162 1032 4217 iis
1057 4169 1136 4232 sont,
1153 4169 1183 4218 et
1202 4179 1360 4235 pourquoy
1382 4167 1420 4221 its

295 4260 365 4308 sont
380 4267 436 4308 nez
449 4253 560 4320 francs,
576 4252 614 4306 ils
637 4265 675 4306 ne
696 4251 865 4306 voulroient
881 4251 1016 4320 point...
1037 4272 1051 4301 »
1071 4253 1149 4307 -In
1171 4254 1278 4308 ultimo
1299 4255 1422 4309 librili(

294 4343 393 4412 capite
409 4341 589 4396 Laurentius
610 4345 681 4395 ante
702 4340 807 4395 oculos
831 4340 1011 4395 mendosam
1033 4341 1196 4397 lectionem
1222 4343 1354 4412 fortune,
1368 4359 1422 4413 pro

295 4431 383 4501 sorte,
401 4431 551 4486 habuerat
574 4429 621 4495 (Et
634 4443 671 4484 ue
684 4443 738 4484 vos
753 4429 877 4497 aliquali
892 4429 1077 4498 praejudicio
1092 4430 1154 4485 ludi
1181 4432 1349 4488 stabilitate
1373 4434 1423 4488 de-

295 4521 355 4590 cipi
370 4521 492 4590 sortune
506 4519 674 4587 contingat.
686 4561 692 4574 .
705 4515 725 4582 .)
740 4531 849 4585 exque
862 4517 973 4573 frustra
990 4533 1115 4574 sensum
1134 4535 1274 4590 promere
1297 4529 1424 4578 conatus

297 4615 356 4666 est.
