3598 5616
792 540 883 582 aanor
905 541 944 582 rv.
1371 523 1428 582 105

306 676 378 748 Sed
396 697 444 749 ue
459 677 499 748 iu
520 675 706 749 lubricam
734 675 1041 769 disquisitionem
1067 675 1338 770 ingrediamur,
1361 676 1432 747 hoc

305 811 439 884 saltem
460 810 645 904 suspicari
670 810 770 900 licet,
798 809 971 903 ignotum
999 809 1140 882 scilieet
1165 811 1431 882 translatorem

265 975 270 983 ·
311 943 397 1017 libri
417 951 472 1018 De
494 941 618 1018 Cleris
642 940 877 1016 dlulieribas
906 943 1111 1016 Laurentio
1131 943 1433 1038 praecucurrisse

308 1083 444 1152 aetate.
506 1167 509 1172 Ι

356 1212 490 1286 Dubiis
510 1212 586 1284 illis
612 1212 848 1306 argumentis
867 1213 1032 1303 omissis,
1061 1212 1215 1285 aliunde
1244 1213 1433 1306 quaestio-

307 1369 393 1419 nem
409 1347 688 1441 aggrediamur.
724 1347 970 1419 Laurentium
986 1347 1088 1419 enim
1110 1346 1207 1419 libro
1232 1354 1288 1419 De
1309 1345 1435 1421 Cleris

309 1477 545 1552 iunctioribus
563 1503 676 1552 usum
697 1502 778 1552 esse
807 1480 998 1569 novimus,
1022 1502 1108 1552 eum
1136 1481 1296 1553 alteram
1325 1503 1434 1552 suam

307 1615 597 1688 translationem
614 1615 798 1688 librorum
813 1623 868 1688 De
896 1613 1054 1690 Casibus
1074 1616 1246 1689 reticeret
1264 1620 1302 1688 et
1316 1637 1434 1710 auge-

309 1747 404 1822 ret¹.
433 1750 518 1838 Qui,
549 1772 636 1821 cum
662 1749 950 1822 translationem
989 1749 1092 1822 illam
1125 1754 1359 1840 retractaret,
1386 1751 1436 1822 ad

309 1904 419 1974 opem
442 1882 553 1954 latini
579 1881 807 1975 exemplaris
822 1904 1021 1975 nunquam
1049 1882 1249 1975 confugere
1276 1882 1434 1974 solebat,

310 2015 531 2091 idemaliter
544 2037 582 2088 se
594 2015 773 2108 gessisset
793 2016 831 2086 in
848 2016 1070 2088 excursibus
1088 2016 1221 2088 alibro
1239 2023 1293 2090 lle
1315 2012 1438 2088 Cleris

310 2147 544 2224 Mulieribas
564 2150 739 2244 sumptis,
762 2151 792 2223 si
813 2148 947 2244 gallice
965 2151 1044 2244 jam
1062 2151 1165 2222 hunc
1188 2150 1329 2223 librum
1359 2151 1438 2245 ipse

311 2282 595 2358 transtulisset?
611 2283 819 2377 Diligenter
833 2306 921 2378 ergo
939 2285 1087 2357 collatis
1111 2285 1202 2357 loeis
1222 2307 1317 2378 quos
1336 2284 1438 2356 Lau·
1472 2327 1480 2338 ·

312 2418 457 2492 rentius
476 2439 499 2490 a
519 2417 619 2489 libro
641 2425 696 2492 De
719 2415 845 2492 Cleris
864 2416 1099 2491 Melioribus
1114 2419 1312 2513 prompsit,
1326 2418 1439 2512 plane

311 2551 515 2625 dissimiles
534 2572 615 2623 esse
646 2551 741 2624 duos
763 2552 1043 2643 translationes,
1064 2551 1257 2624 Laurentii
1281 2556 1318 2624 et
1345 2573 1439 2624 ano-

314 2686 422 2782 nymi
456 2684 663 2778 scriptoris
699 2693 934 2780 compertum
963 2687 1162 2758 habemus.
1195 2685 1301 2771 Quod
1330 2685 1439 2758 nobis

314 2820 406 2894 satis
426 2820 687 2892 demonstrare
707 2819 859 2893 videtur
877 2821 1019 2894 librum
1040 2829 1093 2894 De
1115 2818 1241 2894 Cloris
1262 2817 1442 2892 Mulieri·
1469 2827 1472 2834 ’

317 2953 385 3028 bus
405 2976 481 3026 non
498 2977 522 3026 a
541 2953 746 3025 Laurentio
761 2956 1096 3044 translatumesse,
1116 2955 1232 3027 immo
1252 2976 1300 3026 nc
1315 2954 1442 3048 cogni·
1524 2944 1527 2950 ’

315 3096 393 3163 tam
414 3088 568 3183 quidem
589 3086 759 3160 siluisse
781 3088 886 3173 illam
908 3090 1209 3162 translationem.

299 3249 302 3264 ·
364 3223 474 3295 Alius
498 3221 615 3316 igitur
642 3220 813 3315 scriptor,
847 3223 956 3317 cujus
987 3245 1126 3296 nomen
1156 3223 1280 3317 periit,
1310 3223 1441 3295 eodem

239 3341 250 3360 '
314 3358 390 3430 lere
422 3362 683 3449 temporeque
715 3352 944 3430 Laurentius
971 3362 1117 3445 noster,
1147 3356 1317 3428 Boceacii
1348 3378 1443 3449 opus

317 3493 378 3567 eui
400 3492 535 3565 titulus
562 3501 617 3566 De
640 3488 764 3568 Cirris
786 3487 1021 3564 ,notioribus
1041 3491 1143 3585 apud
1164 3490 1289 3563 Gallos
1317 3489 1444 3562 divul-

314 3627 484 3721 gandum
499 3628 661 3720 curavit,
682 3628 784 3722 quod
803 3649 880 3699 uon
897 3624 1076 3698 mediocri
1096 3625 1226 3697 lavore
1246 3628 1443 3717 acceptum

318 3967 394 4021 adeo
409 3966 518 4020 similis
533 3965 631 4020 ecdici
645 3965 680 4019 tr.
702 3963 800 4033 litio,
820 3965 900 4032 quod
917 3964 1161 4032 adscripturum,
1187 3963 1322 4031 picturas
1335 3966 1366 4016 et
1388 3962 1445 4017 lee-

318 4056 433 4110 tionem
453 4059 582 4124 spectat,
608 4059 641 4108 ut
665 4055 772 4108 tratres
795 4054 906 4120 gemini
936 4053 1112 4120 videantur;
1135 4052 1187 4121 qui
1208 4052 1305 4106 codex
1332 4051 1445 4104 nullam

320 4151 420 4199 tamen
436 4145 528 4198 babet
550 4144 696 4213 temporis
719 4144 947 4210 iudicationem,
969 4143 1049 4196 uude
1066 4141 1146 4196 effici
1174 4146 1276 4210 potest
1295 4141 1325 4193 iu
1346 4154 1447 4194 exem-

320 4235 396 4304 plari
411 4234 459 4289 bis
478 4235 515 4288 ab
530 4234 638 4289 eodem
658 4234 835 4287 amanuensi
856 4232 1012 4299 descripto
1032 4229 1112 4291 (nam
1130 4245 1223 4286 unum
1248 4230 1384 4284 codicem
1408 4231 1446 4284 ab

320 4323 415 4377 altero
430 4336 572 4376 emanare
589 4336 647 4376 non
664 4336 754 4390 posse
777 4322 906 4382 constat)
922 4333 1035 4374 annum
1050 4334 1121 4373 esso
1145 4319 1303 4372 omissum.
1323 4319 1355 4371 ln
1378 4319 1444 4373 cod.

247 4403 251 4414 '
321 4413 409 4467 Brun.
424 4416 536 4484 lamen,
552 4412 601 4479 qui
618 4411 756 4466 eamdem
772 4411 932 4464 lectionem
949 4409 1126 4463 fidelissime
1142 4409 1241 4476 refert,
1259 4422 1357 4462 sunus
1373 4407 1448 4461 iudi-

321 4506 419 4569 catur,
436 4514 494 4555 nee
509 4499 689 4554 confirmare
705 4500 853 4554 audemus
870 4513 938 4554 eum
954 4513 972 4552 a
987 4499 1055 4552 eod.
1069 4503 1173 4552 nostro
1189 4496 1279 4550 lala)
1293 4511 1446 4551 emanare.

359 4592 365 4625 ¹
389 4591 463 4644 Vide
478 4603 583 4658 supra,
600 4603 628 4657 p.
644 4588 691 4641 521.
