<?xml version="1.0" encoding="UTF-8"?>
<!DOCTYPE html PUBLIC "-//W3C//DTD XHTML 1.0 Transitional//EN"
    "http://www.w3.org/TR/xhtml1/DTD/xhtml1-transitional.dtd">
<html xmlns="http://www.w3.org/1999/xhtml" xml:lang="en" lang="en">
 <head>
  <title>
</title>
<meta http-equiv="Content-Type" content="text/html;charset=utf-8" />
  <meta name='ocr-system' content='tesseract 3.04.00' />
  <meta name='ocr-capabilities' content='ocr_page ocr_carea ocr_par ocr_line ocrx_word'/>
</head>
<body>
  <div class='ocr_page' id='page_1' title='image "./delaurentiodepr00hauvgoog_0017.png"; bbox 0 0 3568 5620; ppageno 0'>
   <div class='ocr_carea' id='block_1_1' title="bbox 345 539 973 604">
    <p class='ocr_par' dir='ltr' id='par_1_1' title="bbox 345 539 973 604">
     <span class='ocr_line' id='line_1_1' title="bbox 345 539 973 604; baseline -0.008 0"><span class='ocrx_word' id='word_1_1' title='bbox 345 539 364 604; x_wconf 84' lang='grc'><strong>6</strong></span> <span class='ocrx_word' id='word_1_2' title='bbox 840 559 930 600; x_wconf 77' lang='lat' dir='ltr'><strong>curor</strong></span> <span class='ocrx_word' id='word_1_3' title='bbox 953 561 973 600; x_wconf 93' lang='lat'><strong>1.</strong></span> 
     </span>
    </p>
   </div>
   <div class='ocr_carea' id='block_1_2' title="bbox 344 694 1474 922">
    <p class='ocr_par' dir='ltr' id='par_1_2' title="bbox 344 694 1474 922">
     <span class='ocr_line' id='line_1_2' title="bbox 345 694 1474 790; baseline -0.001 -21"><span class='ocrx_word' id='word_1_4' title='bbox 345 695 454 790; x_wconf 85' lang='lat' dir='ltr'><strong>cujus</strong></span> <span class='ocrx_word' id='word_1_5' title='bbox 470 695 681 790; x_wconf 82' lang='lat' dir='ltr'>ingenium,</span> <span class='ocrx_word' id='word_1_6' title='bbox 701 694 981 767; x_wconf 71' lang='lat' dir='ltr'><strong>humanitatem</strong></span> <span class='ocrx_word' id='word_1_7' title='bbox 1005 699 1042 766; x_wconf 91' lang='lat' dir='ltr'><strong>et</strong></span> <span class='ocrx_word' id='word_1_8' title='bbox 1062 694 1366 768; x_wconf 74' lang='lat' dir='ltr'><strong>munificentiam</strong></span> <span class='ocrx_word' id='word_1_9' title='bbox 1396 717 1474 769; x_wconf 91' lang='lat' dir='ltr'><strong>cre-</strong></span> 
     </span>
     <span class='ocr_line' id='line_1_3' title="bbox 344 827 1098 922; baseline -0.003 -21"><span class='ocrx_word' id='word_1_10' title='bbox 344 829 424 902; x_wconf 90' lang='lat' dir='ltr'><strong>bris</strong></span> <span class='ocrx_word' id='word_1_11' title='bbox 438 827 617 902; x_wconf 88' lang='lat' dir='ltr'><strong>laudibus</strong></span> <span class='ocrx_word' id='word_1_12' title='bbox 637 828 815 922; x_wconf 73' lang='lat' dir='ltr'><strong>aequales</strong></span> <span class='ocrx_word' id='word_1_13' title='bbox 830 828 1068 900; x_wconf 88' lang='lat' dir='ltr'><strong>extulerunt¹</strong></span> <span class='ocrx_word' id='word_1_14' title='bbox 1090 850 1098 899; x_wconf 91' lang='lat'>:</span> 
     </span>
    </p>
   </div>
   <div class='ocr_carea' id='block_1_3' title="bbox 344 1055 1475 1574">
    <p class='ocr_par' dir='ltr' id='par_1_3' title="bbox 344 1055 1475 1574">
     <span class='ocr_line' id='line_1_4' title="bbox 390 1055 1473 1149; baseline -0.004 -23"><span class='ocrx_word' id='word_1_15' title='bbox 390 1059 439 1149; x_wconf 86' lang='lat' dir='ltr'><strong>Cy</strong></span> <span class='ocrx_word' id='word_1_16' title='bbox 459 1060 526 1125; x_wconf 86' lang='lat' dir='ltr'><strong>fine</strong></span> <span class='ocrx_word' id='word_1_17' title='bbox 540 1058 572 1125; x_wconf 90' lang='lat' dir='ltr'><strong>le</strong></span> <span class='ocrx_word' id='word_1_18' title='bbox 586 1059 671 1124; x_wconf 90' lang='lat' dir='ltr'><strong>livre</strong></span> <span class='ocrx_word' id='word_1_19' title='bbox 691 1057 732 1124; x_wconf 91' lang='lat' dir='ltr'><strong>de</strong></span> <span class='ocrx_word' id='word_1_20' title='bbox 753 1057 851 1124; x_wconf 83' lang='lat' dir='ltr'><strong>Tulle</strong></span> <span class='ocrx_word' id='word_1_21' title='bbox 867 1056 909 1124; x_wconf 92' lang='lat' dir='ltr'><strong>de</strong></span> <span class='ocrx_word' id='word_1_22' title='bbox 929 1057 1123 1136; x_wconf 80' lang='lat' dir='ltr'><strong>Vieillesse‚</strong></span> <span class='ocrx_word' id='word_1_23' title='bbox 1142 1055 1305 1122; x_wconf 77' lang='lat' dir='ltr'><strong>translati·</strong></span> <span class='ocrx_word' id='word_1_24' title='bbox 1329 1055 1369 1121; x_wconf 87' lang='lat' dir='ltr'><strong>de</strong></span> <span class='ocrx_word' id='word_1_25' title='bbox 1388 1055 1473 1122; x_wconf 86' lang='lat' dir='ltr'><strong>latin</strong></span> 
     </span>
     <span class='ocr_line' id='line_1_5' title="bbox 346 1163 1471 1252; baseline -0.003 -20"><span class='ocrx_word' id='word_1_26' title='bbox 346 1191 388 1233; x_wconf 92' lang='lat' dir='ltr'><strong>en</strong></span> <span class='ocrx_word' id='word_1_27' title='bbox 409 1166 558 1248; x_wconf 74' lang='lat' dir='ltr'><strong>franpois</strong></span> <span class='ocrx_word' id='word_1_28' title='bbox 579 1164 624 1232; x_wconf 91' lang='lat' dir='ltr'><strong>du</strong></span> <span class='ocrx_word' id='word_1_29' title='bbox 640 1164 940 1232; x_wconf 83' lang='lat' dir='ltr'><strong>commendement</strong></span> <span class='ocrx_word' id='word_1_30' title='bbox 959 1163 1000 1230; x_wconf 93' lang='lat' dir='ltr'><strong>de</strong></span> <span class='ocrx_word' id='word_1_31' title='bbox 1017 1173 1085 1230; x_wconf 89' lang='lat' dir='ltr'><strong>tres</strong></span> <span class='ocrx_word' id='word_1_32' title='bbox 1109 1163 1290 1241; x_wconf 76' lang='lat' dir='ltr'><strong>excellent,</strong></span> <span class='ocrx_word' id='word_1_33' title='bbox 1313 1163 1471 1252; x_wconf 85' lang='lat' dir='ltr'><strong>glorieux</strong></span> 
     </span>
     <span class='ocr_line' id='line_1_6' title="bbox 345 1270 1475 1363; baseline -0.002 -23"><span class='ocrx_word' id='word_1_34' title='bbox 345 1283 378 1340; x_wconf 85' lang='lat' dir='ltr'><strong>et</strong></span> <span class='ocrx_word' id='word_1_35' title='bbox 398 1273 499 1340; x_wconf 90' lang='lat' dir='ltr'><strong>noble</strong></span> <span class='ocrx_word' id='word_1_36' title='bbox 523 1273 641 1363; x_wconf 81' lang='lat' dir='ltr'><strong>prinae</strong></span> <span class='ocrx_word' id='word_1_37' title='bbox 662 1274 752 1362; x_wconf 92' lang='lat' dir='ltr'><strong>Loys</strong></span> <span class='ocrx_word' id='word_1_38' title='bbox 780 1271 845 1338; x_wconf 90' lang='lat' dir='ltr'><strong>duc</strong></span> <span class='ocrx_word' id='word_1_39' title='bbox 872 1271 913 1338; x_wconf 88' lang='lat' dir='ltr'><strong>de</strong></span> <span class='ocrx_word' id='word_1_40' title='bbox 941 1270 1104 1337; x_wconf 76' lang='lat' dir='ltr'><strong>bourbon</strong></span> <span class='ocrx_word' id='word_1_41' title='bbox 1127 1293 1188 1360; x_wconf 89' lang='lat' dir='ltr'><strong>par</strong></span> <span class='ocrx_word' id='word_1_42' title='bbox 1217 1292 1297 1360; x_wconf 81' lang='lat' dir='ltr'><strong>moy</strong></span> <span class='ocrx_word' id='word_1_43' title='bbox 1322 1272 1475 1338; x_wconf 85' lang='lat' dir='ltr'><strong>Lauront</strong></span> 
     </span>
     <span class='ocr_line' id='line_1_7' title="bbox 344 1376 1473 1467; baseline -0.003 -21"><span class='ocrx_word' id='word_1_44' title='bbox 344 1379 386 1446; x_wconf 89' lang='lat' dir='ltr'><strong>de</strong></span> <span class='ocrx_word' id='word_1_45' title='bbox 402 1377 631 1458; x_wconf 82' lang='lat' dir='ltr'><strong>Premierfail,</strong></span> <span class='ocrx_word' id='word_1_46' title='bbox 658 1377 871 1467; x_wconf 84' lang='lat' dir='ltr'><strong>cinquiesme</strong></span> <span class='ocrx_word' id='word_1_47' title='bbox 895 1380 976 1467; x_wconf 76' lang='lat' dir='ltr'><strong>Jour</strong></span> <span class='ocrx_word' id='word_1_48' title='bbox 995 1377 1037 1444; x_wconf 90' lang='lat' dir='ltr'><strong>de</strong></span> <span class='ocrx_word' id='word_1_49' title='bbox 1060 1376 1247 1443; x_wconf 84' lang='lat' dir='ltr'><strong>novembre</strong></span> <span class='ocrx_word' id='word_1_50' title='bbox 1272 1376 1327 1442; x_wconf 87' lang='lat' dir='ltr'><strong>mil</strong></span> <span class='ocrx_word' id='word_1_51' title='bbox 1353 1386 1473 1466; x_wconf 88' lang='lat' dir='ltr'><strong>quatre</strong></span> 
     </span>
     <span class='ocr_line' id='line_1_8' title="bbox 346 1485 613 1574; baseline -0.011 -21"><span class='ocrx_word' id='word_1_52' title='bbox 346 1509 428 1553; x_wconf 89' lang='lat' dir='ltr'><strong>cens</strong></span> <span class='ocrx_word' id='word_1_53' title='bbox 449 1494 483 1553; x_wconf 90' lang='lat' dir='ltr'><strong>et</strong></span> <span class='ocrx_word' id='word_1_54' title='bbox 501 1485 613 1574; x_wconf 60' lang='lat' dir='ltr'><strong>cinna</strong></span> 
     </span>
    </p>
   </div>
   <div class='ocr_carea' id='block_1_4' title="bbox 342 1707 1474 2740">
    <p class='ocr_par' dir='ltr' id='par_1_4' title="bbox 342 1707 1474 2472">
     <span class='ocr_line' id='line_1_9' title="bbox 393 1707 1471 1802; baseline -0.004 -20"><span class='ocrx_word' id='word_1_55' title='bbox 393 1711 435 1782; x_wconf 93' lang='lat' dir='ltr'><strong>ln</strong></span> <span class='ocrx_word' id='word_1_56' title='bbox 469 1709 732 1782; x_wconf 74' lang='lat' dir='ltr'><strong>translationis</strong></span> <span class='ocrx_word' id='word_1_57' title='bbox 758 1709 949 1802; x_wconf 90' lang='lat' dir='ltr'><strong>prooemio</strong></span> <span class='ocrx_word' id='word_1_58' title='bbox 986 1709 1035 1780; x_wconf 92' lang='lat' dir='ltr'><strong>ad</strong></span> <span class='ocrx_word' id='word_1_59' title='bbox 1068 1709 1203 1780; x_wconf 91' lang='lat' dir='ltr'><strong>ducem</strong></span> <span class='ocrx_word' id='word_1_60' title='bbox 1233 1707 1471 1780; x_wconf 88' lang='lat' dir='ltr'><strong>Ludovicum</strong></span> 
     </span>
     <span class='ocr_line' id='line_1_10' title="bbox 344 1841 1474 1935; baseline -0.003 -19"><span class='ocrx_word' id='word_1_61' title='bbox 344 1844 474 1932; x_wconf 87' lang='lat' dir='ltr'><strong>misse,</strong></span> <span class='ocrx_word' id='word_1_62' title='bbox 511 1842 739 1916; x_wconf 88' lang='lat' dir='ltr'><strong>Laurentius</strong></span> <span class='ocrx_word' id='word_1_63' title='bbox 772 1843 875 1914; x_wconf 92' lang='lat' dir='ltr'><strong>hunc</strong></span> <span class='ocrx_word' id='word_1_64' title='bbox 909 1841 1132 1935; x_wconf 90' lang='lat' dir='ltr'><strong>principem,</strong></span> <span class='ocrx_word' id='word_1_65' title='bbox 1167 1863 1187 1913; x_wconf 91' lang='lat' dir='ltr'><strong>e</strong></span> <span class='ocrx_word' id='word_1_66' title='bbox 1220 1841 1324 1934; x_wconf 84' lang='lat' dir='ltr'><strong>regia</strong></span> <span class='ocrx_word' id='word_1_67' title='bbox 1357 1841 1474 1935; x_wconf 89' lang='lat' dir='ltr'><strong>stirpe</strong></span> 
     </span>
     <span class='ocr_line' id='line_1_11' title="bbox 344 1975 1473 2068; baseline -0.002 -18"><span class='ocrx_word' id='word_1_68' title='bbox 344 1977 562 2065; x_wconf 85' lang='lat' dir='ltr'><strong>oriundum,</strong></span> <span class='ocrx_word' id='word_1_69' title='bbox 580 1976 763 2048; x_wconf 92' lang='lat' dir='ltr'><strong>laudabat</strong></span> <span class='ocrx_word' id='word_1_70' title='bbox 778 1977 825 2049; x_wconf 93' lang='lat' dir='ltr'><strong>cb</strong></span> <span class='ocrx_word' id='word_1_71' title='bbox 845 1975 1025 2048; x_wconf 83' lang='lat' dir='ltr'><strong>scientiae</strong></span> <span class='ocrx_word' id='word_1_72' title='bbox 1043 1975 1306 2068; x_wconf 81' lang='lat' dir='ltr'><strong>cupiditatem,</strong></span> <span class='ocrx_word' id='word_1_73' title='bbox 1320 1976 1368 2047; x_wconf 92' lang='lat' dir='ltr'><strong>ob</strong></span> <span class='ocrx_word' id='word_1_74' title='bbox 1395 1980 1473 2048; x_wconf 92' lang='lat' dir='ltr'><strong>stu-</strong></span> 
     </span>
     <span class='ocr_line' id='line_1_12' title="bbox 342 2108 1472 2204; baseline -0.001 -20"><span class='ocrx_word' id='word_1_75' title='bbox 342 2112 449 2184; x_wconf 89' lang='lat' dir='ltr'><strong>dium</strong></span> <span class='ocrx_word' id='word_1_76' title='bbox 468 2108 745 2204; x_wconf 88' lang='lat' dir='ltr'><strong>philosophiae,</strong></span> <span class='ocrx_word' id='word_1_77' title='bbox 768 2109 885 2181; x_wconf 92' lang='lat' dir='ltr'><strong>immo</strong></span> <span class='ocrx_word' id='word_1_78' title='bbox 906 2111 953 2182; x_wconf 95' lang='lat' dir='ltr'><strong>ob</strong></span> <span class='ocrx_word' id='word_1_79' title='bbox 976 2109 1131 2182; x_wconf 91' lang='lat' dir='ltr'><strong>titulum</strong></span> <span class='ocrx_word' id='word_1_80' title='bbox 1151 2111 1277 2204; x_wconf 90' lang='lat' dir='ltr'><strong>ipsum</strong></span> <span class='ocrx_word' id='word_1_81' title='bbox 1298 2110 1472 2204; x_wconf 89' lang='lat' dir='ltr'><strong>philoso-</strong></span> 
     </span>
     <span class='ocr_line' id='line_1_13' title="bbox 342 2244 1472 2340; baseline 0 -24"><span class='ocrx_word' id='word_1_82' title='bbox 342 2245 410 2340; x_wconf 91' lang='lat' dir='ltr'><strong>phi</strong></span> <span class='ocrx_word' id='word_1_83' title='bbox 432 2269 448 2314; x_wconf 82' lang='lat' dir='ltr'><strong>n</strong></span> <span class='ocrx_word' id='word_1_84' title='bbox 471 2244 634 2337; x_wconf 91' lang='lat' dir='ltr'><strong>principi</strong></span> <span class='ocrx_word' id='word_1_85' title='bbox 655 2244 821 2316; x_wconf 84' lang='lat' dir='ltr'><strong>maxime</strong></span> <span class='ocrx_word' id='word_1_86' title='bbox 844 2245 1138 2338; x_wconf 83' lang='lat' dir='ltr'><strong>congruentem3</strong></span> <span class='ocrx_word' id='word_1_87' title='bbox 1162 2270 1194 2334; x_wconf 78' lang='lat' dir='ltr'><strong>a,</strong></span> <span class='ocrx_word' id='word_1_88' title='bbox 1217 2267 1293 2338; x_wconf 91' lang='lat' dir='ltr'><strong>quo</strong></span> <span class='ocrx_word' id='word_1_89' title='bbox 1313 2245 1472 2338; x_wconf 83' lang='lat' dir='ltr'><strong>dignum</strong></span> 
     </span>
     <span class='ocr_line' id='line_1_14' title="bbox 344 2377 861 2472; baseline -0.008 -20"><span class='ocrx_word' id='word_1_90' title='bbox 344 2401 383 2452; x_wconf 93' lang='lat' dir='ltr'><strong>se</strong></span> <span class='ocrx_word' id='word_1_91' title='bbox 402 2382 594 2472; x_wconf 91' lang='lat' dir='ltr'><strong>praestare</strong></span> <span class='ocrx_word' id='word_1_92' title='bbox 613 2377 861 2471; x_wconf 85' lang='lat' dir='ltr'><strong>gloriabatur.</strong></span> 
     </span>
    </p>

    <p class='ocr_par' dir='ltr' id='par_1_5' title="bbox 342 2510 1472 2740">
     <span class='ocr_line' id='line_1_15' title="bbox 392 2510 1470 2604; baseline 0.001 -20"><span class='ocrx_word' id='word_1_93' title='bbox 392 2511 608 2585; x_wconf 89' lang='lat' dir='ltr'><strong>Ludovicus</strong></span> <span class='ocrx_word' id='word_1_94' title='bbox 628 2534 646 2580; x_wconf 81' lang='lat' dir='ltr'><strong>u</strong></span> <span class='ocrx_word' id='word_1_95' title='bbox 668 2510 834 2604; x_wconf 80' lang='lat' dir='ltr'><strong>benigna</strong></span> <span class='ocrx_word' id='word_1_96' title='bbox 854 2516 979 2583; x_wconf 91' lang='lat' dir='ltr'><strong>mente</strong></span> <span class='ocrx_word' id='word_1_97' title='bbox 994 2516 1032 2583; x_wconf 91' lang='lat' dir='ltr'><strong>et</strong></span> <span class='ocrx_word' id='word_1_98' title='bbox 1050 2512 1151 2584; x_wconf 88' lang='lat' dir='ltr'><strong>laeto</strong></span> <span class='ocrx_word' id='word_1_99' title='bbox 1170 2512 1299 2584; x_wconf 92' lang='lat' dir='ltr'><strong>animo</strong></span> <span class='ocrx_word' id='word_1_100' title='bbox 1321 2537 1340 2582; x_wconf 86' lang='lat'><strong>&gt;›</strong></span> <span class='ocrx_word' id='word_1_101' title='bbox 1358 2534 1470 2585; x_wconf 89' lang='lat' dir='ltr'><strong>acce-</strong></span> 
     </span>
     <span class='ocr_line' id='line_1_16' title="bbox 342 2644 1472 2740; baseline 0.001 -23"><span class='ocrx_word' id='word_1_102' title='bbox 342 2646 399 2740; x_wconf 94' lang='lat' dir='ltr'><strong>pit</strong></span> <span class='ocrx_word' id='word_1_103' title='bbox 413 2668 508 2740; x_wconf 93' lang='lat' dir='ltr'><strong>opus</strong></span> <span class='ocrx_word' id='word_1_104' title='bbox 530 2669 549 2714; x_wconf 88' lang='lat'>«</span> <span class='ocrx_word' id='word_1_105' title='bbox 577 2644 734 2716; x_wconf 90' lang='lat' dir='ltr'><strong>humilis</strong></span> <span class='ocrx_word' id='word_1_106' title='bbox 754 2644 879 2728; x_wconf 90' lang='lat' dir='ltr'><strong>clerici</strong></span> <span class='ocrx_word' id='word_1_107' title='bbox 898 2650 936 2717; x_wconf 91' lang='lat' dir='ltr'><strong>et</strong></span> <span class='ocrx_word' id='word_1_108' title='bbox 950 2645 1105 2717; x_wconf 91' lang='lat' dir='ltr'><strong>libentis</strong></span> <span class='ocrx_word' id='word_1_109' title='bbox 1125 2646 1184 2718; x_wconf 90' lang='lat' dir='ltr'><strong>sui</strong></span> <span class='ocrx_word' id='word_1_110' title='bbox 1206 2646 1304 2718; x_wconf 87' lang='lat' dir='ltr'><strong>servi</strong></span> <span class='ocrx_word' id='word_1_111' title='bbox 1324 2671 1356 2736; x_wconf 75' lang='lat' dir='ltr'><strong>a,</strong></span> <span class='ocrx_word' id='word_1_112' title='bbox 1379 2647 1472 2718; x_wconf 91' lang='lat' dir='ltr'><strong>adeo</strong></span> 
     </span>
    </p>
   </div>
   <div class='ocr_carea' id='block_1_5' title="bbox 341 2778 1473 3407">
    <p class='ocr_par' dir='ltr' id='par_1_6' title="bbox 341 2778 1473 3407">
     <span class='ocr_line' id='line_1_17' title="bbox 341 2778 1472 2873; baseline -0.002 -20"><span class='ocrx_word' id='word_1_113' title='bbox 341 2784 397 2869; x_wconf 84' lang='lat' dir='ltr'><strong>ut,</strong></span> <span class='ocrx_word' id='word_1_114' title='bbox 415 2779 542 2873; x_wconf 85' lang='lat' dir='ltr'><strong>paullo</strong></span> <span class='ocrx_word' id='word_1_115' title='bbox 569 2784 666 2872; x_wconf 87' lang='lat' dir='ltr'><strong>post,</strong></span> <span class='ocrx_word' id='word_1_116' title='bbox 690 2778 808 2850; x_wconf 90' lang='lat' dir='ltr'><strong>alium</strong></span> <span class='ocrx_word' id='word_1_117' title='bbox 838 2778 1029 2851; x_wconf 80' lang='lat' dir='ltr'><strong>Ciceronis</strong></span> <span class='ocrx_word' id='word_1_118' title='bbox 1060 2779 1267 2873; x_wconf 80' lang='lat' dir='ltr'><strong>dialogum,</strong></span> <span class='ocrx_word' id='word_1_119' title='bbox 1295 2778 1472 2852; x_wconf 79' lang='lat' dir='ltr'><strong>Laelium</strong></span> 
     </span>
     <span class='ocr_line' id='line_1_18' title="bbox 342 2911 1472 3006; baseline -0.001 -21"><span class='ocrx_word' id='word_1_120' title='bbox 342 2913 496 3002; x_wconf 84' lang='lat' dir='ltr'><strong>scilicet,</strong></span> <span class='ocrx_word' id='word_1_121' title='bbox 520 2912 601 2984; x_wconf 89' lang='lat' dir='ltr'><strong>sive</strong></span> <span class='ocrx_word' id='word_1_122' title='bbox 622 2911 683 2984; x_wconf 84' lang='lat' dir='ltr'><strong>De</strong></span> <span class='ocrx_word' id='word_1_123' title='bbox 702 2911 903 2995; x_wconf 78' lang='lat' dir='ltr'><strong>Amicitia,</strong></span> <span class='ocrx_word' id='word_1_124' title='bbox 925 2912 1129 2984; x_wconf 87' lang='lat' dir='ltr'><strong>Laurentio</strong></span> <span class='ocrx_word' id='word_1_125' title='bbox 1148 2913 1282 3006; x_wconf 83' lang='lat' dir='ltr'><strong>gallice</strong></span> <span class='ocrx_word' id='word_1_126' title='bbox 1304 2913 1472 2985; x_wconf 88' lang='lat' dir='ltr'><strong>transle-</strong></span> 
     </span>
     <span class='ocr_line' id='line_1_19' title="bbox 341 3045 1473 3120; baseline 0 -2"><span class='ocrx_word' id='word_1_127' title='bbox 341 3046 502 3120; x_wconf 90' lang='lat' dir='ltr'><strong>rendum</strong></span> <span class='ocrx_word' id='word_1_128' title='bbox 517 3045 761 3119; x_wconf 90' lang='lat' dir='ltr'><strong>commiserit.</strong></span> <span class='ocrx_word' id='word_1_129' title='bbox 781 3046 837 3118; x_wconf 90' lang='lat' dir='ltr'><strong>lta</strong></span> <span class='ocrx_word' id='word_1_130' title='bbox 857 3046 960 3118; x_wconf 92' lang='lat' dir='ltr'><strong>enim</strong></span> <span class='ocrx_word' id='word_1_131' title='bbox 983 3067 1062 3118; x_wconf 93' lang='lat' dir='ltr'><strong>rem</strong></span> <span class='ocrx_word' id='word_1_132' title='bbox 1084 3069 1123 3119; x_wconf 89' lang='lat' dir='ltr'><strong>se</strong></span> <span class='ocrx_word' id='word_1_133' title='bbox 1143 3047 1323 3120; x_wconf 91' lang='lat' dir='ltr'><strong>habuisse</strong></span> <span class='ocrx_word' id='word_1_134' title='bbox 1340 3053 1473 3119; x_wconf 92' lang='lat' dir='ltr'><strong>trans-</strong></span> 
     </span>
     <span class='ocr_line' id='line_1_20' title="bbox 342 3179 1470 3276; baseline 0.001 -24"><span class='ocrx_word' id='word_1_135' title='bbox 342 3182 440 3252; x_wconf 84' lang='lat' dir='ltr'><strong>lator</strong></span> <span class='ocrx_word' id='word_1_136' title='bbox 455 3180 534 3273; x_wconf 92' lang='lat' dir='ltr'><strong>ipse</strong></span> <span class='ocrx_word' id='word_1_137' title='bbox 556 3184 696 3269; x_wconf 82' lang='lat' dir='ltr'><strong>monet,</strong></span> <span class='ocrx_word' id='word_1_138' title='bbox 719 3179 862 3251; x_wconf 91' lang='lat' dir='ltr'><strong>cumin</strong></span> <span class='ocrx_word' id='word_1_139' title='bbox 886 3179 1078 3272; x_wconf 92' lang='lat' dir='ltr'><strong>prooemio</strong></span> <span class='ocrx_word' id='word_1_140' title='bbox 1103 3180 1220 3274; x_wconf 82' lang='lat' dir='ltr'><strong>hujus</strong></span> <span class='ocrx_word' id='word_1_141' title='bbox 1240 3181 1330 3253; x_wconf 90' lang='lat' dir='ltr'><strong>novi</strong></span> <span class='ocrx_word' id='word_1_142' title='bbox 1346 3181 1470 3276; x_wconf 90' lang='lat' dir='ltr'><strong>operis</strong></span> 
     </span>
     <span class='ocr_line' id='line_1_21' title="bbox 344 3312 1078 3407; baseline 0 -21"><span class='ocrx_word' id='word_1_143' title='bbox 344 3314 520 3386; x_wconf 88' lang='lat' dir='ltr'><strong>eumdem</strong></span> <span class='ocrx_word' id='word_1_144' title='bbox 541 3312 752 3407; x_wconf 90' lang='lat' dir='ltr'><strong>principem</strong></span> <span class='ocrx_word' id='word_1_145' title='bbox 773 3313 826 3386; x_wconf 90' lang='lat' dir='ltr'><strong>sic</strong></span> <span class='ocrx_word' id='word_1_146' title='bbox 846 3313 1078 3407; x_wconf 89' lang='lat' dir='ltr'><strong>alloquitur:</strong></span> 
     </span>
    </p>
   </div>
   <div class='ocr_carea' id='block_1_6' title="bbox 343 3541 1471 3956">
    <p class='ocr_par' dir='ltr' id='par_1_7' title="bbox 343 3541 1471 3956">
     <span class='ocr_line' id='line_1_22' title="bbox 388 3541 1471 3633; baseline -0.002 -21"><span class='ocrx_word' id='word_1_147' title='bbox 388 3547 484 3612; x_wconf 88' lang='lat' dir='ltr'><strong>Vous</strong></span> <span class='ocrx_word' id='word_1_148' title='bbox 502 3542 629 3610; x_wconf 88' lang='lat' dir='ltr'><strong>m&#39;avez</strong></span> <span class='ocrx_word' id='word_1_149' title='bbox 649 3541 852 3609; x_wconf 78' lang='lat' dir='ltr'><strong>commende</strong></span> <span class='ocrx_word' id='word_1_150' title='bbox 867 3565 932 3630; x_wconf 91' lang='lat' dir='ltr'><strong>que</strong></span> <span class='ocrx_word' id='word_1_151' title='bbox 949 3565 984 3631; x_wconf 76' lang='lat' dir='ltr'><strong>Je</strong></span> <span class='ocrx_word' id='word_1_152' title='bbox 1005 3564 1059 3607; x_wconf 93' lang='lat' dir='ltr'><strong>me</strong></span> <span class='ocrx_word' id='word_1_153' title='bbox 1077 3565 1257 3633; x_wconf 87' lang='lat' dir='ltr'><strong>ossayasse</strong></span> <span class='ocrx_word' id='word_1_154' title='bbox 1277 3566 1365 3633; x_wconf 89' lang='lat' dir='ltr'><strong>pour</strong></span> <span class='ocrx_word' id='word_1_155' title='bbox 1386 3566 1471 3610; x_wconf 93' lang='lat' dir='ltr'><strong>vous</strong></span> 
     </span>
     <span class='ocr_line' id='line_1_23' title="bbox 343 3648 1471 3740; baseline -0.001 -22"><span class='ocrx_word' id='word_1_156' title='bbox 343 3661 377 3718; x_wconf 89' lang='lat' dir='ltr'><strong>et</strong></span> <span class='ocrx_word' id='word_1_157' title='bbox 405 3670 493 3740; x_wconf 83' lang='lat' dir='ltr'><strong>pour</strong></span> <span class='ocrx_word' id='word_1_158' title='bbox 514 3649 646 3716; x_wconf 87' lang='lat' dir='ltr'><strong>chacun</strong></span> <span class='ocrx_word' id='word_1_159' title='bbox 671 3672 733 3738; x_wconf 89' lang='lat' dir='ltr'><strong>soy</strong></span> <span class='ocrx_word' id='word_1_160' title='bbox 764 3648 936 3715; x_wconf 88' lang='lat' dir='ltr'><strong>delectant</strong></span> <span class='ocrx_word' id='word_1_161' title='bbox 964 3672 1006 3714; x_wconf 89' lang='lat' dir='ltr'><strong>en</strong></span> <span class='ocrx_word' id='word_1_162' title='bbox 1038 3648 1168 3716; x_wconf 89' lang='lat' dir='ltr'><strong>honnes</strong></span> <span class='ocrx_word' id='word_1_163' title='bbox 1200 3660 1234 3718; x_wconf 90' lang='lat' dir='ltr'><strong>et</strong></span> <span class='ocrx_word' id='word_1_164' title='bbox 1258 3674 1471 3740; x_wconf 89' lang='lat' dir='ltr'><strong>approuvees</strong></span> 
     </span>
     <span class='ocr_line' id='line_1_24' title="bbox 344 3755 1470 3838; baseline -0.001 -13"><span class='ocrx_word' id='word_1_165' title='bbox 344 3758 518 3825; x_wconf 87' lang='lat' dir='ltr'><strong>doctrines</strong></span> <span class='ocrx_word' id='word_1_166' title='bbox 534 3756 576 3823; x_wconf 87' lang='lat' dir='ltr'><strong>de</strong></span> <span class='ocrx_word' id='word_1_167' title='bbox 591 3757 763 3823; x_wconf 89' lang='lat' dir='ltr'><strong>convertir</strong></span> <span class='ocrx_word' id='word_1_168' title='bbox 783 3779 826 3821; x_wconf 87' lang='lat' dir='ltr'><strong>on</strong></span> <span class='ocrx_word' id='word_1_169' title='bbox 854 3755 1004 3838; x_wconf 74' lang='lat' dir='ltr'><strong>franoois</strong></span> <span class='ocrx_word' id='word_1_170' title='bbox 1021 3779 1067 3821; x_wconf 94' lang='lat' dir='ltr'><strong>un</strong></span> <span class='ocrx_word' id='word_1_171' title='bbox 1084 3766 1181 3823; x_wconf 87' lang='lat' dir='ltr'><strong>autre</strong></span> <span class='ocrx_word' id='word_1_172' title='bbox 1197 3757 1282 3824; x_wconf 89' lang='lat' dir='ltr'><strong>livre</strong></span> <span class='ocrx_word' id='word_1_173' title='bbox 1307 3757 1348 3824; x_wconf 89' lang='lat' dir='ltr'><strong>de</strong></span> <span class='ocrx_word' id='word_1_174' title='bbox 1373 3758 1470 3824; x_wconf 89' lang='lat' dir='ltr'><strong>Tullo</strong></span> 
     </span>
     <span class='ocr_line' id='line_1_25' title="bbox 344 3863 890 3956; baseline -0.007 -24"><span class='ocrx_word' id='word_1_175' title='bbox 344 3864 476 3956; x_wconf 76' lang='lat' dir='ltr'><strong>appelle</strong></span> <span class='ocrx_word' id='word_1_176' title='bbox 492 3864 533 3931; x_wconf 93' lang='lat' dir='ltr'><strong>de</strong></span> <span class='ocrx_word' id='word_1_177' title='bbox 547 3864 581 3930; x_wconf 92' lang='lat' dir='ltr'><strong>la</strong></span> <span class='ocrx_word' id='word_1_178' title='bbox 595 3885 700 3953; x_wconf 81' lang='lat' dir='ltr'><strong>vraye</strong></span> <span class='ocrx_word' id='word_1_179' title='bbox 721 3863 890 3930; x_wconf 70' lang='lat' dir='ltr'><strong>arnisriet.</strong></span> 
     </span>
    </p>
   </div>
   <div class='ocr_carea' id='block_1_7' title="bbox 344 4161 1472 4675">
    <p class='ocr_par' dir='ltr' id='par_1_8' title="bbox 380 4161 1252 4239">
     <span class='ocr_line' id='line_1_26' title="bbox 380 4161 1252 4239; baseline -0.006 -20"><span class='ocrx_word' id='word_1_180' title='bbox 380 4166 387 4198; x_wconf 86' lang='lat'><strong>¹</strong></span> <span class='ocrx_word' id='word_1_181' title='bbox 410 4165 485 4239; x_wconf 88' lang='lat' dir='ltr'><strong>Vide</strong></span> <span class='ocrx_word' id='word_1_182' title='bbox 501 4162 578 4217; x_wconf 78' lang='lat' dir='ltr'><strong>Hist.</strong></span> <span class='ocrx_word' id='word_1_183' title='bbox 593 4161 651 4216; x_wconf 81' lang='lat' dir='ltr'><strong>litt.</strong></span> <span class='ocrx_word' id='word_1_184' title='bbox 669 4161 704 4215; x_wconf 86' lang='lat' dir='ltr'><strong>de</strong></span> <span class='ocrx_word' id='word_1_185' title='bbox 722 4163 751 4214; x_wconf 86' lang='lat' dir='ltr'><strong>lo</strong></span> <span class='ocrx_word' id='word_1_186' title='bbox 768 4161 893 4228; x_wconf 75' lang='lat' dir='ltr'><strong>Franco,</strong></span> <span class='ocrx_word' id='word_1_187' title='bbox 911 4166 931 4216; x_wconf 88' lang='lat' dir='ltr'><strong>t.</strong></span> <span class='ocrx_word' id='word_1_188' title='bbox 946 4163 1045 4230; x_wconf 86' lang='lat' dir='ltr'>XXIV,</span> <span class='ocrx_word' id='word_1_189' title='bbox 1060 4177 1111 4229; x_wconf 87' lang='lat' dir='ltr'><strong>pp.</strong></span> <span class='ocrx_word' id='word_1_190' title='bbox 1125 4161 1252 4215; x_wconf 71' lang='lat' dir='ltr'><strong>ubl-202.</strong></span> 
     </span>
    </p>

    <p class='ocr_par' dir='ltr' id='par_1_9' title="bbox 344 4249 1472 4498">
     <span class='ocr_line' id='line_1_27' title="bbox 379 4249 1472 4320; baseline -0.005 -12"><span class='ocrx_word' id='word_1_191' title='bbox 379 4253 390 4286; x_wconf 68' lang='lat'><strong>²</strong></span> <span class='ocrx_word' id='word_1_192' title='bbox 409 4255 472 4308; x_wconf 91' lang='lat' dir='ltr'><strong>Bib.</strong></span> <span class='ocrx_word' id='word_1_193' title='bbox 488 4255 556 4310; x_wconf 84' lang='lat' dir='ltr'><strong>Nat.</strong></span> <span class='ocrx_word' id='word_1_194' title='bbox 567 4252 635 4306; x_wconf 88' lang='lat' dir='ltr'><strong>cod.</strong></span> <span class='ocrx_word' id='word_1_195' title='bbox 650 4253 684 4305; x_wconf 89' lang='lat' dir='ltr'><strong>lr.</strong></span> <span class='ocrx_word' id='word_1_196' title='bbox 696 4251 777 4320; x_wconf 66' lang='lat' dir='ltr'><strong>loro,</strong></span> <span class='ocrx_word' id='word_1_197' title='bbox 789 4252 808 4304; x_wconf 86' lang='lat' dir='ltr'><strong>f.</strong></span> <span class='ocrx_word' id='word_1_198' title='bbox 826 4251 870 4304; x_wconf 79' lang='lat'><strong>44.</strong></span> <span class='ocrx_word' id='word_1_199' title='bbox 885 4251 999 4304; x_wconf 81' lang='lat' dir='ltr'><strong>lladem</strong></span> <span class='ocrx_word' id='word_1_200' title='bbox 1013 4249 1202 4318; x_wconf 88' lang='lat' dir='ltr'><strong>subscriptio</strong></span> <span class='ocrx_word' id='word_1_201' title='bbox 1219 4252 1330 4318; x_wconf 83' lang='lat' dir='ltr'><strong>legitur</strong></span> <span class='ocrx_word' id='word_1_202' title='bbox 1345 4252 1374 4304; x_wconf 93' lang='lat' dir='ltr'><strong>in</strong></span> <span class='ocrx_word' id='word_1_203' title='bbox 1391 4251 1472 4305; x_wconf 89' lang='lat' dir='ltr'><strong>codi-</strong></span> 
     </span>
     <span class='ocr_line' id='line_1_28' title="bbox 344 4339 1472 4408; baseline -0.005 -10"><span class='ocrx_word' id='word_1_204' title='bbox 344 4345 433 4398; x_wconf 91' lang='lat' dir='ltr'><strong>cibus</strong></span> <span class='ocrx_word' id='word_1_205' title='bbox 448 4340 566 4396; x_wconf 76' lang='lat' dir='ltr'><strong>fal187</strong></span> <span class='ocrx_word' id='word_1_206' title='bbox 582 4345 613 4403; x_wconf 85' lang='lat' dir='ltr'><strong>et</strong></span> <span class='ocrx_word' id='word_1_207' title='bbox 628 4343 678 4395; x_wconf 87' lang='lat' dir='ltr'><strong>lat.</strong></span> <span class='ocrx_word' id='word_1_208' title='bbox 700 4339 770 4393; x_wconf 84' lang='lat'>7789</span> <span class='ocrx_word' id='word_1_209' title='bbox 790 4339 929 4406; x_wconf 72' lang='lat' dir='ltr'><strong>eiusdem</strong></span> <span class='ocrx_word' id='word_1_210' title='bbox 950 4341 1167 4408; x_wconf 87' lang='lat' dir='ltr'><strong>bibliothecae,</strong></span> <span class='ocrx_word' id='word_1_211' title='bbox 1184 4344 1216 4394; x_wconf 89' lang='lat' dir='ltr'><strong>et</strong></span> <span class='ocrx_word' id='word_1_212' title='bbox 1231 4341 1261 4393; x_wconf 92' lang='lat' dir='ltr'><strong>in</strong></span> <span class='ocrx_word' id='word_1_213' title='bbox 1275 4341 1383 4394; x_wconf 89' lang='lat' dir='ltr'><strong>codice</strong></span> <span class='ocrx_word' id='word_1_214' title='bbox 1400 4354 1472 4408; x_wconf 91' lang='lat' dir='ltr'><strong>quo·</strong></span> 
     </span>
     <span class='ocr_line' id='line_1_29' title="bbox 345 4427 1470 4498; baseline -0.004 -11"><span class='ocrx_word' id='word_1_215' title='bbox 345 4434 414 4487; x_wconf 84' lang='lat' dir='ltr'><strong>dam</strong></span> <span class='ocrx_word' id='word_1_216' title='bbox 430 4430 669 4498; x_wconf 81' lang='lat' dir='ltr'><strong>Petroburgensi</strong></span> <span class='ocrx_word' id='word_1_217' title='bbox 686 4428 798 4492; x_wconf 81' lang='lat' dir='ltr'><strong>(Catal.</strong></span> <span class='ocrx_word' id='word_1_218' title='bbox 812 4428 940 4480; x_wconf 76' lang='lat' dir='ltr'><strong>desinas.</strong></span> <span class='ocrx_word' id='word_1_219' title='bbox 952 4429 990 4497; x_wconf 76' lang='lat' dir='ltr'><strong>fr.</strong></span> <span class='ocrx_word' id='word_1_220' title='bbox 1006 4428 1041 4480; x_wconf 84' lang='lat' dir='ltr'><strong>dc</strong></span> <span class='ocrx_word' id='word_1_221' title='bbox 1055 4427 1365 4496; x_wconf 74' lang='lat' dir='ltr'><strong>Soloi-Petersbourp,</strong></span> <span class='ocrx_word' id='word_1_222' title='bbox 1376 4443 1405 4496; x_wconf 91' lang='lat' dir='ltr'><strong>p.</strong></span> <span class='ocrx_word' id='word_1_223' title='bbox 1414 4427 1470 4489; x_wconf 87' lang='lat'><strong>93).</strong></span> 
     </span>
    </p>

    <p class='ocr_par' dir='ltr' id='par_1_10' title="bbox 379 4517 1124 4586">
     <span class='ocr_line' id='line_1_30' title="bbox 379 4517 1124 4586; baseline -0.003 -15"><span class='ocrx_word' id='word_1_224' title='bbox 379 4521 390 4552; x_wconf 80' lang='lat'>³</span> <span class='ocrx_word' id='word_1_225' title='bbox 410 4540 424 4571; x_wconf 89' lang='lat'>«</span> <span class='ocrx_word' id='word_1_226' title='bbox 446 4521 501 4586; x_wconf 87' lang='lat' dir='ltr'><strong>Qui</strong></span> <span class='ocrx_word' id='word_1_227' title='bbox 517 4523 566 4574; x_wconf 88' lang='lat' dir='ltr'><strong>est</strong></span> <span class='ocrx_word' id='word_1_228' title='bbox 581 4534 621 4572; x_wconf 91' lang='lat' dir='ltr'><strong>un</strong></span> <span class='ocrx_word' id='word_1_229' title='bbox 635 4533 706 4572; x_wconf 91' lang='lat' dir='ltr'><strong>nom</strong></span> <span class='ocrx_word' id='word_1_230' title='bbox 720 4521 784 4572; x_wconf 86' lang='lat' dir='ltr'><strong>tres</strong></span> <span class='ocrx_word' id='word_1_231' title='bbox 798 4521 930 4571; x_wconf 87' lang='lat' dir='ltr'><strong>avenant</strong></span> <span class='ocrx_word' id='word_1_232' title='bbox 946 4517 1092 4586; x_wconf 84' lang='lat' dir='ltr'><strong>aprinae.</strong></span> <span class='ocrx_word' id='word_1_233' title='bbox 1112 4535 1124 4569; x_wconf 88' lang='lat'><strong>›&gt;</strong></span> 
     </span>
    </p>

    <p class='ocr_par' dir='ltr' id='par_1_11' title="bbox 379 4607 935 4675">
     <span class='ocr_line' id='line_1_31' title="bbox 379 4607 935 4675; baseline -0.007 -11"><span class='ocrx_word' id='word_1_234' title='bbox 379 4609 389 4642; x_wconf 76' lang='lat'>⁴</span> <span class='ocrx_word' id='word_1_235' title='bbox 409 4611 472 4664; x_wconf 89' lang='lat' dir='ltr'><strong>Bib.</strong></span> <span class='ocrx_word' id='word_1_236' title='bbox 489 4611 558 4666; x_wconf 86' lang='lat' dir='ltr'><strong>Nat.</strong></span> <span class='ocrx_word' id='word_1_237' title='bbox 574 4610 608 4662; x_wconf 90' lang='lat' dir='ltr'><strong>fr.</strong></span> <span class='ocrx_word' id='word_1_238' title='bbox 623 4607 703 4675; x_wconf 71' lang='lat' dir='ltr'><strong>lond,</strong></span> <span class='ocrx_word' id='word_1_239' title='bbox 718 4608 769 4661; x_wconf 90' lang='lat' dir='ltr'><strong>fol.</strong></span> <span class='ocrx_word' id='word_1_240' title='bbox 786 4607 821 4660; x_wconf 79' lang='lat' dir='ltr'><strong>ll</strong></span> <span class='ocrx_word' id='word_1_241' title='bbox 835 4621 935 4660; x_wconf 90' lang='lat' dir='ltr'><strong>verso.</strong></span> 
     </span>
    </p>
   </div>
   <div class='ocr_carea' id='block_1_8' title="bbox 0 0 1788 5620">
    <p class='ocr_par' dir='ltr' id='par_1_12' title="bbox 0 0 1788 5620">
     <span class='ocr_line' id='line_1_32' title="bbox 0 0 1788 5620; baseline 0 0"><span class='ocrx_word' id='word_1_242' title='bbox 0 0 1788 5620; x_wconf 95' lang='lat' dir='ltr'><strong> </strong></span> 
     </span>
    </p>
   </div>
  </div>
 </body>
</html>
