3598 5616
661 545 664 552 ’
760 568 924 611 coucuusro.
1347 553 1405 615 109

278 725 433 797 prorsus
447 702 584 776 falsam
600 723 676 774 non
691 701 914 797 dixerimus,
938 726 1027 777 narn
1047 725 1178 776 veram
1197 705 1404 797 quamdam

278 836 441 930 speciem
466 836 658 930 scriptoris
684 836 875 930 exprimit,
908 859 995 909 cum
1021 837 1163 910 scilicet
1187 859 1302 911 senex
1326 837 1404 932 jam

279 971 401 1044 lactus
420 970 622 1043 Boccacius
637 975 759 1044 toturn
776 992 814 1042 sc
834 971 1075 1064 antiquitatis
1096 971 1222 1044 studio
1238 972 1402 1062 dederet,

279 1110 315 1178 et
335 1104 450 1177 simul
464 1106 654 1177 laboraret
672 1110 716 1176 ut
740 1109 895 1178 aeterua
916 1103 1096 1177 felicitate
1115 1105 1254 1199 dignus
1268 1106 1406 1178 evade-

279 1243 348 1323 ret.
372 1238 464 1324 Quis
483 1244 616 1311 contra
631 1239 758 1328 luerit,
781 1261 858 1332 qua
874 1244 1014 1329 monte,
1035 1261 1110 1332 quo
1127 1239 1278 1333 ingenio
1297 1261 1405 1333 prae-

278 1372 393 1462 ditus,
410 1394 496 1444 cum
511 1372 664 1466 juvenis
686 1377 723 1445 ct
743 1373 866 1445 laetus
880 1372 1049 1465 jucunda
1064 1378 1240 1466 poemata
1253 1378 1290 1446 et
1304 1394 1406 1445 nuuc

278 1505 421 1610 facetae
440 1528 543 1579 nunc
567 1506 714 1579 ardenti
741 1506 880 1578 allecta
900 1506 1031 1600 plenas
1059 1506 1210 1579 tabulas
1234 1506 1406 1579 conscri-

279 1641 396 1732 beret,
425 1663 512 1713 curn
532 1647 652 1714 artem
678 1641 793 1712 simul
818 1645 933 1734 atque
955 1640 1152 1734 opiniones
1174 1641 1287 1714 Medii
1310 1640 1406 1714 Aevi

279 1780 473 1868 respueret
500 1780 537 1847 et
563 1781 734 1869 tempora
758 1795 858 1847 nova
876 1775 1181 1868 praenunciaret,
1209 1774 1293 1846 XVI
1314 1781 1406 1846 tan-

280 1911 360 2011 tum
382 1907 508 1981 seculo
528 1908 625 1981 Galli
641 1909 932 1982 intellexeruut:
959 1914 1046 1980 tuuc
1062 1907 1194 2003 lingua
1213 1912 1250 1980 et
1268 1908 1405 1980 litteris

279 2041 417 2114 italicis
441 2043 593 2134 cruditi,
618 2049 732 2137 atque
753 2043 825 2136 ipsi
848 2043 995 2115 artibus
1013 2042 1131 2115 dediti
1155 2042 1234 2137 iarn
1264 2040 1406 2114 sollerti

279 2180 451 2248 veterum
473 2177 598 2249 studio
623 2177 829 2265 renovatis,
852 2176 1075 2249 Boccacium
1100 2176 1199 2249 inter
1218 2176 1406 2248 maximos

250 2321 253 2326 '
279 2307 363 2381 illos
388 2310 588 2404 scriptores
614 2317 863 2404 reposuerunt
881 2333 1042 2405 quorum
1064 2332 1178 2404 opera
1206 2311 1407 2403 diligenter

279 2448 317 2513 ct
332 2443 517 2537 inspicere
532 2450 570 2516 et
586 2445 727 2517 imitari
742 2445 905 2539 juvaret.

778 3450 849 3503 Vror
870 3461 911 3502 ac
930 3458 1066 3501 runnnor

651 3565 789 3620 Lutetiae
804 3563 999 3631 Parisiorum,
1016 3562 1045 3615 in
1061 3561 1199 3615 Sorbona

612 3683 661 3736 die
683 3682 800 3736 XXVIII
822 3680 939 3734 mensis
960 3677 1102 3732 Octobris
1123 3675 1242 3736 MCMII.

451 3799 618 3853 Facultatis
631 3799 800 3852 litterarum
814 3797 843 3850 in
857 3794 1061 3850 Universitale
1074 3791 1240 3846 Parisieusi
1254 3791 1406 3857 Decarurs,

813 3916 845 3968 Α.
867 3910 1032 3967 GROISET.

408 4247 500 4302 Trrrs
521 4257 706 4300 nanninus.

303 4364 487 4419 Academiae
502 4360 685 4416 Pansiensis
699 4359 820 4424 llector,

470 4480 500 4534 L.
521 4479 643 4532 LlARD.
