3598 5616
386 527 425 586 58
873 541 963 584 31111
985 542 1017 585 11.

384 680 558 752 Ceterum
583 699 743 772 parvam
765 682 916 750 tantum
936 682 1083 770 partem
1104 678 1276 751 codicum
1296 680 1421 752 seculo
1442 680 1508 750 XV

383 813 571 888 editorum
600 812 650 884 ad
684 833 752 883 nos
785 811 1004 905 pervenisse
1037 815 1154 905 patet,
1190 817 1228 884 et
1261 834 1308 884 ex
1340 812 1510 907 antiquis

384 949 568 1020 librorum
611 945 793 1038 catalogis
826 944 1040 1038 colligimus
1073 946 1220 1018 nullam
1254 946 1331 1019 iere
1366 947 1511 1020 biblic-

384 1083 532 1155 thecam
570 1087 660 1153 tuno
690 1058 816 1152 luisse
838 1079 877 1151 in
905 1102 982 1173 qua
1009 1101 1086 1152 non
1126 1081 1391 1155 invenirentur
1422 1081 1509 1154 libri

382 1216 550 1289 Boccacii
569 1213 627 1286 De
645 1211 806 1287 Casibus
825 1236 848 1286 3
864 1212 1068 1286 Laurentio
1088 1214 1300 1286 translati¹.

432 1351 526 1422 Cum
556 1355 684 1422 autem
718 1348 876 1420 inventa
908 1353 965 1420 est
1001 1370 1063 1420 313
1091 1348 1379 1444 typographica,
1412 1349 1510 1421 inter

383 1504 497 1576 opera
528 1503 627 1576 quae
675 1482 804 1554 statim
849 1482 952 1578 typis
998 1483 1180 1555 mandata
1220 1488 1322 1570 sunt,
1369 1483 1509 1556 librum

383 1617 566 1707 Boccaoii,
588 1615 735 1711 gallice,
758 1616 979 1710 reperimus.
1005 1616 1117 1688 Anno
1142 1617 1245 1690 enim
1270 1616 1379 1706 1176,
1408 1615 1511 1711 prior

384 1750 579 1823 Laurentii
606 1750 805 1823 translatio
835 1750 972 1845 Brugis
993 1751 1095 1823 edita
1126 1756 1184 1824 est
1215 1773 1239 1823 a
1272 1739 1510 1846 typographo

385 1884 543 1958 Colardo
568 1884 754 1974 blansion,
782 1884 920 1957 iterum
947 1885 1123 1979 Lugduni
1153 1883 1375 1958 31131183
1407 1885 1510 1979 apud

386 2019 570 2092 Mathiam
591 2019 691 2091 llusz
710 2019 950 2092 3113311311
972 2018 1187 2093 Schabeler.
1216 2020 1444 2093 Accuratam
1473 2025 1511 2093 et

385 2153 496 2225 laude
511 2153 681 2247 dignam,
704 2153 805 2246 quud
824 2153 872 2226 ad
902 2153 1101 2226 lectionem
1128 2153 1277 2244 attinet,
1306 2153 1510 2227 editionem

387 2287 618 2380 Brugensem
638 2286 916 2378 existimamus
931 2287 970 2359 in
985 2309 1075 2381 qua,
1093 2309 1180 2359 cum
1199 2287 1365 2360 codicem
1380 2309 1511 2381 quem-

386 2421 488 2511 dam,
520 2443 622 2494 nunc
643 2421 909 2510 Parisiensem,
933 2421 1116 2494 Colardus
1136 2421 1311 2493 Mansion
1331 2423 1511 2495 transcri-

387 2555 522 2647 beret²,
558 2556 677 2628 latino
705 2561 835 2629 tamen
868 2557 992 2649 operis
1024 2555 1232 2650 exernplari
1266 2578 1372 2647 11313,
1400 2558 1511 2650 plura

421 2888 427 2920 ¹
448 2886 533 2956 Vide,
541 2887 625 2942 verbi
641 2887 746 2957 gratia,
758 2888 929 2954 catalogum
945 2887 1089 2942 librorum
1104 2887 1156 2956 qui
1169 2887 1293 2941 fuerunt
1307 2886 1458 2942 Carlottae
1472 2889 1510 2944 de

383 2976 543 3045 Sapaudia,
562 2977 688 3031 alterius
702 2978 840 3046 conjugis
859 2977 1001 3032 Ludovici
1016 2977 1064 3045 111,
1081 2977 1161 3044 apud
1188 2976 1219 3031 L.
1237 2977 1360 3052 baliste,
1376 2977 1398 3036 1.
1414 2976 1459 3045 93,
1480 2983 1510 3033 31

383 3065 554 3120 inventaria
568 3065 713 3120 librorum
729 3067 842 3121 ducum
857 3066 1058 3133 Burgundiae,
1075 3067 1156 3134 apud
1174 3064 1306 3131 8111313,
1317 3065 1510 3136 1111111313-

379 3153 587 3224 poprapbique
601 3159 642 3221 (n.
659 3154 722 3223 673,
737 3155 800 3224 875,
815 3153 878 3224 880,
893 3155 956 3222 881,
972 3154 1034 3222 883,
1051 3153 1131 3224 tata,
1148 3153 1229 3223 1673,
1243 3153 1334 3216 1199),
1361 3156 1448 3210 Haud
1468 3157 1511 3210 ita

383 3243 500 3312 pridem
516 3244 632 3299 editum
647 3250 724 3299 3313
742 3245 860 3314 [luponi
875 3245 991 3298 Ferrier
1001 3243 1092 3313 (Bibi.
1103 3243 1139 3297 de
1152 3243 1182 3296 ia
1195 3242 1320 3297 Facuiib
1330 3243 1380 3298 des
1396 3244 1510 3298 Leitres

384 3332 419 3385 de
434 3331 532 3401 Puris,
548 3333 685 3402 1333111,
702 3332 782 3402 1897,
796 3348 847 3404 pp.
861 3333 896 3386 55
910 3334 1028 3401 etseq.)
1044 3333 1245 3387 inventarium
1262 3334 1415 3402 quoddam
1430 3335 1509 3390 ades

384 3423 474 3477 livres
488 3427 610 3477 trouvez
625 3437 662 3478 eu
678 3423 827 3478 l’armoire
840 3424 881 3477 du
894 3423 1000 3478 retrait
1014 3424 1052 3476 de
1069 3423 1137 3476 ieuz
1152 3423 1208 3476 Mar
1219 3440 1233 3472 »
1243 3423 1379 3487 (1331313
1394 3424 1510 3479 33111331

384 3512 422 3566 de
445 3512 617 3578 Aureliane,
635 3512 827 3580 Engolismae
848 3513 978 3581 33311113,
1002 3513 1048 3566 avi
1071 3511 1190 3580 paterni
1215 3511 1460 3578 regisFraneisci
1475 3514 1509 3583 1),

384 3602 433 3656 die
447 3602 544 3670 prima
558 3602 770 3671 mensislunii,
784 3601 945 3656 31131167
962 3601 1180 3670 3311331311,13
1193 3615 1251 3669 quo
1267 3602 1398 3669 primum
1411 3603 1510 3658 locum

384 3692 500 3746 obtinet
514 3693 609 3747 codex
635 3692 762 3746 alteram
777 3691 1007 3746 translationem
1031 3692 1175 3746 librorum
1205 3691 1248 3744 De
1273 3691 1393 3746 Casibus
1419 3693 1512 3747 conti-

385 3797 472 3836 nens,
492 3810 520 3820 -
537 3782 638 3836 Codex
652 3781 776 3849 quidam
803 3781 968 3849 inscriptus
986 3783 1030 3833 Du
1045 3778 1169 3833 Dechiet
1185 3780 1236 3833 des
1255 3780 1354 3834 nobles
1371 3782 1510 3850 hommes,

385 3873 435 3938 qui
450 3871 488 3925 ad
505 3886 594 3926 usum
608 3871 714 3926 Jacobi
729 3871 985 3939 ArmeniacensiS,
1003 3870 1122 3924 Nemosi
1139 3870 1235 3939 duciS,
1249 3871 1454 3939 conscriptum
1467 3875 1513 3926 est

385 3975 464 4016 anno
478 3959 548 4015 1185
562 3961 603 4022 (L.
620 3961 742 4028 Delisle,
758 3961 781 4028 I,
794 3959 840 4026 87)
862 3960 994 4028 priorem
1009 3959 1240 4013 translationem
1259 3959 1448 4015 continuisse
1471 3961 1512 4014 vi·

386 4051 484 4118 detur,
500 4051 539 4105 ob
563 4051 661 4118 ipsum
684 4050 807 4104 titulum
823 4050 903 4110 (vide
927 4063 1029 4118 supra,
1045 4063 1072 4117 p.
1094 4047 1139 4117 39,
1155 4048 1225 4102 adn.
1243 4047 1279 4112 1).
1297 4049 1377 4103 Nihil
1396 4050 1511 4104 scimus

385 4142 422 4195 de
437 4141 512 4194 libro
528 4141 572 4194 sic
587 4140 760 4208 descripto:
778 4160 787 4187 ι
807 4153 869 4206 ung
883 4140 957 4194 livre
971 4139 1093 4207 appelle
1110 4137 1239 4192 Bocasse
1257 4159 1266 4185 ι
1284 4139 1337 4206 qui
1352 4152 1510 4193 numerum

384 4229 548 4284 1631111331
561 4229 592 4283 13
619 4229 786 4282 inventario
806 4228 947 4283 librariae
970 4228 1053 4282 nothi
1074 4226 1311 4295 Aurelianensis
1337 4241 1416 4282 auno
1441 4226 1512 4282 1168

384 4321 427 4390 (1.
444 4319 565 4387 belisia,
582 4318 630 4377 111,
647 4316 721 4385 194),
737 4317 792 4371 sed
806 4317 1037 4372 translationem
1055 4317 1199 4371 librorum
1217 4316 1259 4368 De
1276 4315 1395 4370 Casibus
1416 4316 1511 4372 tuisse

386 4423 444 4462 333
461 4407 638 4462 incredibile
650 4407 780 4462 videtur.

420 4497 431 4530 2
451 4497 551 4552 Codex
564 4497 623 4565 ille,
644 4493 1193 4563 133311.131131131131813333313
1219 4513 1231 4544 α
1257 4495 1399 4561 seigneur
1423 4494 1461 4548 de
1482 4496 1511 4548 la

384 4586 553 4654 Gruthuyse
574 4585 843 4654 »1311,331333313
860 4583 889 4638 in
906 4584 1017 4652 regiam
1040 4584 1255 4638 bibliothecam
1271 4583 1446 4638 blesensem
1461 4584 1511 4638 de-
