3598 5616
692 1322 877 1410 CAPUT
916 1323 974 1407 IV

271 1875 342 1926 NUM
362 1875 517 1925 cosdras
544 1873 697 1924 Bocoacll
730 1873 830 1923 Liada
865 1875 884 1921 ((
919 1875 961 1922 DE
988 1875 1108 1924 CLARIS
1139 1875 1346 1925 MULIERIBUS
1373 1877 1393 1923 ))

352 2013 373 2058 Α
400 2009 591 2059 LAURENTIO
617 2009 659 2056 DE
686 2007 879 2058 pomorano
907 2009 942 2056 ln
968 2009 1138 2058 GALLICAM
1165 2009 1318 2058 LINGUAM

687 2141 882 2191 convolastis
909 2142 975 2192 SIT.

318 2639 493 2713 Veterem
512 2637 719 2732 quamdam
734 2637 822 2711 libri
842 2635 902 2710 Dc
925 2634 1052 2710 Oloris
1071 2634 1302 2711 Melioribus
1320 2640 1399 2733 gal-

271 2773 384 2847 licam
400 2773 689 2854 translationem
718 2773 844 2865 plures
873 2772 1019 2844 codices
1044 2777 1258 2862 servarunt,
1281 2795 1397 2867 qnam

271 2895 479 2980 doctissimi
492 2905 650 2999 quidam
665 2905 739 2978 viri
759 2905 964 2977 Laurentio
984 2907 1030 2977 de
1040 2905 1247 2978 Primoiato
1257 2906 1398 2979 adscri-

271 3026 434 3114 bendani
457 3041 721 3113 censuerunt¹.
751 3038 847 3110 Cum
878 3043 1007 3111 tamen
1035 3038 1231 3111 Laurentii
1260 3039 1394 3130 vitem,

214 3217 216 3219 -
271 3179 339 3246 aut
356 3173 483 3267 potius
502 3194 660 3266 operum
679 3172 762 3265 ejus
782 3172 918 3245 seriem
939 3173 1201 3266 exponendam
1223 3173 1397 3268 suscepi-

272 3329 370 3397 muS,
388 3307 486 3378 nihil
505 3307 551 3379 de
566 3307 639 3379 hoo
659 3306 909 3379 translatione
935 3306 1127 3401 diximus3
1158 3307 1268 3400 cujus
1283 3309 1397 3380 omis-

272 3442 389 3516 sionis
407 3463 510 3514 nuno
529 3441 626 3514 ratio
640 3441 832 3514 reddenda
847 3446 916 3514 ost.

279 3630 280 3638 κ
320 3576 433 3649 Liber
454 3574 510 3648 Dc
541 3572 669 3647 Clario
689 3572 925 3647 Melioribus
945 3574 1079 3668 gallice
1101 3577 1308 3648 translatus
1325 3577 1396 3649 de-

271 3732 352 3784 cem
373 3710 449 3782 iere
470 3708 663 3781 codicibus
683 3707 899 3781 continetur
912 3709 937 3796 ²,
963 3731 1125 3801 quornm
1149 3709 1224 3782 dno
1244 3709 1396 3782 indica-

271 3844 413 3918 tionem
433 3842 525 3918 anni
542 3841 657 3914 MCDI
677 3841 717 3914 in
733 3842 1008 3936 subscriptione
1028 3843 1197 3916 habent:

297 4087 314 4160 ¹¹
338 4085 367 4140 P.
385 4083 477 4152 Paris,
496 4084 546 4136 Les
563 4081 745 4136 Monarcrits
760 4081 905 4151 franaois,
917 4083 940 4144 l,
958 4098 986 4151 p.
999 4082 1069 4152 2503
1097 4085 1131 4138 Η.
1154 4084 1274 4153 Omont,
1296 4085 1393 4139 Calai.

271 4170 1396 4244 ymmmmffmmmmfflmffiffiwwffimm·

169 4253 172 4258 ’
272 4263 353 4318 tione
365 4262 480 4316 codicis
495 4261 529 4316 sr.
544 4260 653 4322 12420).

307 4352 400 4406 ’nio
418 4352 496 4419 Nat,
522 4351 611 4405 codd.
635 4351 669 4404 fr.
688 4349 751 4418 433,
776 4348 838 4418 598,
854 4349 918 4417 599,
944 4350 1025 4416 4120,
1045 4350 1115 4406 5037
1131 4351 1191 4414 (sol.
1214 4352 1344 4418 223305)
1366 4363 1397 4412 et

272 4441 377 4509 darom
404 4441 501 4495 codex
514 4454 593 4495 unus
605 4444 744 4495 servatur
767 4440 924 4510 Bruxellis,
950 4440 980 4494 in
1005 4442 1079 4495 Bibl.
1105 4442 1182 4512 Reg.
1210 4444 1277 4498 cod·
1302 4443 1395 4515 9509,

272 4531 351 4585 alius
366 4529 572 4598 vindobonae,
598 4529 691 4583 Palat.
708 4527 796 4598 25553
821 4530 880 4583 duo
899 4530 1030 4597 denique
1047 4530 1196 4600 Londinii,
1223 4532 1293 4587 Brit.
1318 4534 1394 4590 Mus.

272 4618 307 4672 to
320 4620 353 4674 G.
369 4619 401 4672 V.
419 4616 498 4672 etro
513 4618 542 4672 C.
561 4618 592 4671 V.
