3568 5620
394 493 432 552 la
467 519 469 522 ·
888 515 979 558 curor
1001 518 1021 558 ι.

391 654 460 721 aut
485 650 532 722 ob
558 649 769 743 quamlibet
793 651 909 723 aliam
939 652 1091 724 laudem
1120 653 1344 747 spectabiles
1369 677 1523 728 conseo—

394 788 550 874 taretur,
573 789 610 856 et
630 784 703 856 rati
719 806 759 856 se
779 807 958 879 magnam
977 787 1050 858 sibi
1064 787 1227 881 gratiam
1238 793 1524 882 comparaturus

393 939 474 991 esse
490 917 522 990 si
541 917 704 1011 principi
719 941 814 1012 opus
825 919 1017 1013 quoddam
1028 921 1236 1014 pretiosum
1250 927 1318 994 aut
1329 923 1524 1016 splendide

394 1057 572 1124 ornatum
588 1051 779 1142 ollerrent,
795 1075 906 1147 saepe
922 1054 1139 1148 sumptibus
1160 1055 1240 1127 suis
1261 1055 1378 1127 libros
1394 1061 1526 1129 trans-

394 1185 489 1257 cribi
507 1185 705 1278 jubebant,
727 1208 823 1279 quos
854 1186 909 1257 illi
938 1191 1067 1281 gratos
1095 1194 1343 1282 acceptosque
1364 1189 1443 1262 tore
1457 1212 1526 1262 oo·—

394 1323 620 1412 gnoverant.
644 1318 751 1405 Quod
771 1321 820 1391 ad
849 1319 1020 1393 Boccacii
1048 1343 1143 1414 opus
1169 1321 1320 1413 attinet,
1347 1323 1526 1416 quamvis

396 1453 584 1525 Martinus
603 1454 731 1546 Gouge
758 1454 963 1557 Laurentio
986 1455 1188 1548 pecuniam
1209 1457 1523 1549 suppeditaverit,

395 1586 518 1680 eique,
541 1608 628 1659 cum
649 1587 689 1658 in
705 1588 994 1661 translationem
1015 1589 1264 1680 incumberet,
1286 1590 1432 1662 victum
1451 1591 1526 1662 lor-

396 1720 496 1795 sitan
529 1721 758 1813 praebuerit,
789 1721 1007 1816 conjectura
1043 1722 1238 1816 probabile
1276 1729 1334 1796 est
1365 1724 1525 1818 abipso

395 1853 541 1927 loanne
575 1854 835 1948 significatum
868 1878 949 1929 esse
969 1856 1199 1929 desiderium
1233 1857 1382 1952 legendi
1410 1858 1526 1931 libros

397 1988 457 2061 De
479 1985 639 2062 Casibus
655 1988 695 2060 in
709 1989 846 2082 gallica
860 1990 993 2084 lingua
1012 1990 1184 2084 scriptos,
1196 2013 1283 2063 cum
1298 1991 1527 2064 Laurentius

397 2123 574 2195 distincte
606 2122 832 2216 profiteatur
864 2146 903 2196 se
943 2125 1050 2197 ducis
1088 2123 1303 2218 Biturigum
1338 2125 1527 2197 voluntati

398 2257 619 2329 obsecutum
638 2278 719 2329 esse
736 2257 761 2327 ¹.
785 2257 891 2330 Hanc
910 2257 1060 2333 facilem
1076 2257 1181 2330 viam
1200 2279 1406 2351 generosus
1421 2259 1528 2352 prin-

397 2412 485 2484 ceps
499 2390 782 2484 excogitaverat
802 2395 845 2463 ut
863 2391 1133 2464 bibliothecam
1148 2397 1305 2485 augeret
1323 2397 1361 2465 et
1380 2392 1529 2486 impen-

400 2545 463 2596 sae
483 2523 598 2596 simul
617 2529 800 2617 parceret.
824 2523 899 2596 Nec
917 2524 1146 2597 credendum
1166 2530 1223 2597 est
1242 2547 1302 2598 res
1318 2526 1529 2600 semeltan-

400 2664 496 2747 tum,
510 2663 547 2730 et
561 2679 652 2730 casu
665 2658 845 2751 quodam,
863 2658 917 2729 ita
928 2658 1221 2754 sesehabuisse3
1243 2680 1409 2753 namque
1425 2660 1529 2732 aliud

401 2792 571 2865 Boooacii
590 2814 686 2885 opus
705 2791 935 2864 Laurentius
963 2796 1092 2865 noster
1110 2794 1239 2886 paullo
1267 2798 1353 2886 post
1382 2799 1528 2866 vertere

401 2925 535 3020 coepit,
557 2927 658 3019 quod
678 2925 800 2998 eidem
817 2925 1032 3018 Biturigum
1052 2926 1140 2999 duci
1164 2926 1367 3017 dedicaret,
1391 2949 1530 3021 sump-

401 3060 504 3132 tibus
523 3081 614 3131 vero
632 3058 764 3131 divitis
784 3058 983 3152 cujusdam
999 3058 1094 3131 oivis
1114 3059 1354 3132 Parisiensis.

451 3194 658 3286 Postquam
678 3192 781 3264 enirn
796 3192 963 3265 codicem
984 3215 1007 3264 a
1027 3192 1190 3265 Martino
1210 3193 1338 3287 Gouge
1359 3194 1530 3267 oblatum

401 3326 524 3399 libens
546 3331 585 3398 et
602 3330 734 3420 gratus
753 3325 832 3398 dux
850 3326 1015 3398 loannes
1034 3330 1242 3420 acceperat,
1263 3326 1392 3398 statim
1413 3327 1532 3400 lamo-

403 3485 489 3533 sum
515 3460 684 3534 Boccaoii
720 3460 860 3532 librum
893 3459 959 3554 qui
987 3459 1229 3532 Deoomeron
1262 3459 1343 3532 sive
1367 3459 1530 3533 Centum

402 3593 591 3670 Nooeltoe
611 3593 833 3666 inscribitur
851 3593 991 3666 habere
1011 3592 1133 3666 voluit
1147 3600 1173 3664 ⁹.
1192 3592 1267 3666 Neo
1282 3615 1407 3666 mora:
1430 3616 1532 3666 anno

439 3926 446 3960 ¹
469 3927 502 3979 In
518 3925 639 3978 duobus
652 3923 895 3991 praefationibus
909 3923 980 3976 duci
991 3923 1099 3977 Joauni
1116 3923 1232 3991 missis,
1248 3923 1394 3977 librorum
1411 3924 1533 3978 seilicet

404 4017 445 4067 De
461 4013 581 4067 Casibus
595 4018 626 4067 et
643 4015 834 4078 becamerou,
851 4011 1033 4066 Laurentius
1049 4013 1169 4079 patroni
1180 4014 1369 4066 voluntatem
1380 4015 1442 4079 (vos
1457 4029 1532 4065 com·

404 4104 622 4166 rnondements‚
639 4105 735 4154 vostre
760 4099 888 4170 espectet
911 4100 1118 4164 mondemeut)
1142 4104 1301 4155 memorat.
1320 4101 1395 4156 Vide
1415 4101 1505 4169 prael
1523 4129 1533 4139 ·

404 4196 505 4248 tiones
521 4193 589 4246 illas
603 4191 641 4245 ab
654 4191 757 4244 Attilio
776 4191 878 4244 Hortis
892 4191 1004 4258 editas,
1020 4189 1119 4256 Sardi,
1135 4205 1186 4257 pp.
1201 4189 1250 4243 731
1267 4193 1298 4243 et
1310 4189 1371 4244 743.

440 4283 503 4336 tm
526 4282 652 4348 prologo
675 4293 773 4334 novae
795 4279 1007 4333 translationis
1027 4279 1174 4346 legimus:
1197 4297 1211 4328 a
1235 4279 1349 4352 Lequel
1372 4279 1445 4333 livre
1466 4279 1533 4343 (des

405 4373 604 4426 malheureux
617 4383 671 4423 cas
686 4369 743 4422 des
761 4368 870 4422 nobles
890 4368 1031 4421 hommes
1049 4372 1081 4422 et
1099 4366 1249 4434 femmas),
1264 4380 1384 4421 comme
1398 4368 1430 4435 je
1450 4382 1532 4436 croy,

405 4476 478 4516 avez
499 4460 719 4526 benignement
741 4471 834 4510 recen
857 4460 888 4510 et
912 4458 1044 4525 coloque
1063 4460 1150 4510 entre
1168 4469 1223 4510 vos
1246 4459 1351 4509 autres
1369 4457 1478 4511 nobles
1502 4462 1535 4511 et

404 4551 552 4620 praeieux
566 4550 724 4616 volumes;
742 4560 819 4601 vous
839 4547 1056 4600 nouvelement
1080 4560 1153 4600 avez
1175 4545 1420 4600 delibereement
1443 4546 1534 4600 lichia
