3598 5616
377 521 416 584 50
611 591 620 610 .
868 536 959 580 cirus
980 538 1013 580 n.

376 676 479 749 cium
494 673 696 747 hominum
725 673 1036 767 recognitionem,
1058 696 1175 768 quam
1196 675 1267 748 sub
1288 674 1411 768 specie
1436 674 1500 746 vi-

377 809 496 883 sionis
511 807 714 881 Boecacius
728 807 991 902 descripserat,
1003 808 1210 881 translator
1220 808 1259 879 in
1270 808 1308 880 id
1318 808 1505 881 convertit

377 944 479 1038 quod
498 941 760 1015 recentiores«
780 942 1114 1037 eneyelopaediam
1132 967 1150 1012 a
1172 948 1324 1034 vocant,
1336 943 1376 1014 in
1388 965 1503 1037 quam

378 1099 530 1150 omnem
574 1076 795 1150 historicam
832 1075 1219 1171 geographicamqne¹
1263 1077 1503 1171 disciplinam

380 1211 517 1286 aetatis
538 1233 629 1284 suae
650 1210 783 1305 coegit.

430 1344 501 1432 Qui
516 1344 730 1439 congeriem
751 1345 864 1416 istam
884 1343 1133 1416 historiarum
1157 1349 1196 1416 et
1214 1345 1418 1417 moralium
1433 1346 1506 1417 oh-

380 1479 641 1574 jurgationum
661 1478 863 1568 exstruxit,
881 1498 969 1550 eum
994 1478 1173 1550 mediocri
1192 1477 1335 1573 judicio
1349 1479 1505 1573 praedi-

380 1618 462 1686 tum
483 1634 564 1686 esse
583 1616 700 1707 patet,
724 1612 825 1706 quod
840 1612 888 1684 ad
909 1611 1097 1685 scribendi
1113 1617 1234 1684 artem
1261 1613 1412 1705 attinet,
1430 1635 1506 1686 me-

380 1747 631 1840 diocriterque
646 1751 685 1819 et
712 1746 886 1839 imperite
904 1745 1075 1818 lontibus
1094 1767 1207 1818 usum
1227 1768 1309 1820 esse
1328 1769 1348 1820 e
1366 1748 1506 1841 quihus

380 1881 627 1975 antiquarum
635 1903 762 1954 rernm
773 1880 1026 1974 cognitionem
1037 1880 1269 1954 derivamus.
1282 1881 1363 1954 Non
1378 1887 1506 1955 tamen

382 2015 512 2109 negari
526 2021 650 2110 potest
669 2016 791 2088 multa
810 2021 848 2088 et
862 2015 970 2090 naria
989 2015 1174 2106 doctrina,
1199 2021 1242 2088 ut
1261 2017 1336 2089 illis
1355 2022 1508 2111 tempo-

381 2150 502 2241 ribus,
524 2151 717 2224 eruditum
732 2149 850 2222 luisse
865 2150 1128 2222 Laurentium.
1147 2150 1346 2224 Molestum
1363 2151 1456 2224 illud
1471 2158 1509 2225 et

382 2306 499 2379 grave
527 2286 720 2376 volumen,
743 2285 844 2378 quod
868 2283 980 2356 hodie
1004 2283 1115 2357 inerti
1151 2306 1269 2357 manu
1292 2306 1505 2377 versamus,

384 2423 476 2492 tunc
505 2418 617 2492 avide
650 2418 807 2491 litterati
839 2417 950 2489 multi
987 2418 1239 2512 perlegerunt,
1271 2419 1363 2512 quia
1392 2419 1432 2491 in
1465 2441 1509 2492 eo

384 2575 520 2648 eorpus
535 2554 726 2647 quoddam
753 2552 934 2625 historiae
950 2552 1220 2646 inveniebant3
1246 2558 1284 2625 et
1302 2575 1506 2648 perpauca,

384 2709 428 2761 eo
451 2692 632 2782 tempore,
659 2709 773 2782 opera
798 2686 910 2758 istius
941 2685 1091 2780 generis
1113 2686 1153 2757 in
1179 2692 1358 2781 promptu
1382 2693 1503 2762 erant.

348 2825 349 2828 ’
386 2821 639 2895 Translatoris
676 2821 793 2916 igitur
830 2821 998 2892 laborem
1031 2841 1108 2892 non
1143 2820 1318 2894 inutilem
1341 2821 1511 2915 judicare

387 2956 505 3047 decet,
523 2960 572 3047 et,
595 2956 696 3049 quod
718 2954 940 3050 praesertim
964 2953 1013 3025 ad
1034 2975 1112 3026 rem
1135 2959 1304 3028 nostram
1331 2956 1507 3051 pertinet,

387 3089 582 3162 Laurentii
603 3111 698 3183 opus
718 3089 829 3184 (opus
847 3089 950 3161 enim
961 3110 1104 3160 novum
1120 3089 1247 3161 vocari
1258 3095 1381 3183 potest
1393 3091 1511 3163 altera

388 3223 602 3318 translatio)
632 3223 801 3296 Boceaoii
837 3244 976 3295 nomen
1004 3222 1103 3294 inter
1124 3222 1250 3294 Gallos
1269 3245 1346 3296 non
1367 3224 1512 3297 modice

387 3356 536 3429 extulit.

436 3490 632 3564 Laurentii
646 3490 858 3563 doctrinam
878 3511 981 3562 nunc
995 3490 1224 3584 perpendere
1238 3511 1314 3561 non
1328 3490 1368 3561 in
1384 3490 1512 3563 animo

388 3629 457 3716 est,
489 3646 611 3719 neque
645 3646 827 3697 excursus
864 3622 946 3717 ejus
977 3622 1239 3695 translationis
1267 3624 1511 3717 perscrutari,

387 3763 431 3831 ut
451 3757 620 3853 singulos
641 3758 764 3830 iontes
783 3779 803 3829 e
823 3757 964 3851 quibus
989 3757 1188 3829 scientiam
1204 3779 1314 3829 suam
1343 3759 1516 3831 hauserit

387 3891 705 3966 demonstremus,
725 3892 798 3964 Sed
822 3891 862 3962 in
882 3913 962 3964 rem
988 3895 1158 3963 nostram
1189 3890 1387 3984 aptissime
1414 3892 1517 3965 cadit

421 4152 430 4186 ¹
453 4151 551 4206 Minus
566 4150 648 4218 longi
663 4150 718 4204 sed
736 4149 821 4204 multi
836 4153 910 4204 sunt
922 4163 1068 4204 excursus
1081 4149 1123 4204 illi
1141 4149 1192 4217 qui
1214 4148 1252 4203 ad
1270 4149 1406 4206 locorum
1421 4153 1514 4207 situm

386 4241 702 4311 pertinent,patetque
717 4239 910 4294 Laurentium
927 4239 1072 4310 peculiari
1088 4238 1220 4307 quodam
1231 4238 1332 4294 studio
1341 4240 1389 4294 his
1399 4243 1514 4297 notitiis

386 4331 535 4385 institisse
548 4346 555 4399 ;
580 4330 702 4384 assidue
715 4329 797 4383 enim
812 4329 905 4384 verba
918 4328 1035 4398 aliquot
1052 4329 1215 4383 sententiis
1239 4329 1355 4384 inserit.
1374 4330 1513 4397 Fortuna,

384 4420 468 4475 verbi
484 4420 591 4488 gratia,
606 4419 651 4472 sic
664 4419 875 4486 Paupertatem
897 4418 1061 4485 alloquitur
1084 4418 1114 4481 (l.
1131 4418 1181 4484 111,
1198 4431 1224 4472 c.
1241 4416 1287 4481 l):
1318 4439 1327 4466 ι
1345 4419 1378 4473 le
1407 4425 1436 4475 te
1452 4427 1514 4489 get-

383 4514 468 4579 teray
484 4524 521 4564 en
535 4513 683 4564 tournant.
693 4508 792 4562 oultra
808 4509 854 4562 les
868 4507 1059 4575 montaignes
1069 4507 1203 4575 Riphees
1217 4506 1376 4578 quisenta
1392 4508 1515 4565 l'entree

384 4598 419 4652 de
433 4599 596 4666 Alemapne
609 4613 675 4652 cers
691 4595 897 4666 Septentrion.
921 4615 934 4645 »
