3598 5616
696 1346 881 1434 CAPUT
922 1350 983 1434 ΙΙΙ

421 1929 462 1978 DE
490 1928 642 1978 BOCCACII
669 1928 804 1977 CENTUM
831 1928 1008 1995 NOVELLIS,
1038 1929 1125 1987 QUAE
1151 1930 1263 1980 VULGO

279 2063 299 2108 t<
320 2062 521 2112 DECAMERON
542 2065 561 2111 ))
584 2062 846 2128 INSCRIBUNTUR,
875 2064 897 2111 Α
923 2063 1114 2112 LAURENTIO
1141 2065 1182 2112 DE
1209 2064 1402 2114 PRIMOFATO

644 2196 784 2245 GALLICE
811 2196 1033 2246 TRANSLATIS.

769 2439 907 2450 ——

326 2722 485 2809 Quando
518 2725 555 2793 et
578 2743 653 2814 quo
682 2720 793 2792 mode
822 2719 1064 2811 Laurentius,
1087 2726 1179 2794 tuna
1207 2721 1344 2816 hospes
1368 2727 1405 2795 et

277 2855 479 2928 familiaris
503 2853 636 2926 divitis
662 2852 737 2925 viri
765 2853 916 2927 Bureau
942 2854 989 2926 de
1009 2853 1288 2948 Dampmartin,
1306 2855 1406 2929 Bea—

278 2989 371 3062 eaeii
391 3011 485 3083 epus
504 2989 694 3062 famosum
715 3031 761 3041 -
781 2989 961 3083 ambigue
981 2988 1083 3062 euim
1102 2991 1218 3063 verbe
1247 2996 1335 3063 utar
1356 3033 1400 3043 -

279 3124 319 3195 iu
329 3124 508 3217 gallicum
530 3144 743 3197 sermenem
758 3123 999 3213 couverterit,
1012 3123 1177 3196 breviter
1190 3124 1268 3217 jam
1288 3146 1402 3219 expe-

278 3257 441 3330 suimus¹
467 3281 474 3329 :
496 3258 641 3330 Jeauue
657 3256 872 3350 Biturigum
894 3257 989 3330 duee
1007 3257 1176 3350 jubente,
1199 3259 1404 3332 translator

279 3413 413 3486 operae
437 3387 629 3465 aeainatus
649 3397 718 3480 est,
740 3390 849 3484 eique
869 3389 1020 3463 Bureau
1036 3390 1249 3485 impensam
1270 3414 1397 3486 praes-

278 3527 369 3617 titit,
411 3548 527 3619 quam
568 3530 697 3598 tamen
735 3524 815 3596 dux
858 3529 1002 3618 postea,
1043 3530 1138 3598 teste
1183 3526 1403 3615 Laurentia,

277 3659 422 3733 solvier.

327 3795 386 3867 Ab
402 3793 540 3867 humili
562 3793 737 3866 Treeeusi
758 3793 892 3866 clerieo
921 3792 1115 3887 negotium
1136 3792 1298 3865 libenter
1317 3815 1408 3866 sus-

279 3934 430 4025 ceptum
445 3950 527 4002 esse
540 3949 651 4021 aegre
666 3927 869 4019 eredimus
880 3926 1020 4021 quippe
1035 3926 1101 4020 qui
1117 3948 1240 4020 neque
1255 3927 1405 4000 italiaae

313 4167 321 4201 ¹
342 4165 417 4220 Vide
431 4176 524 4231 supra
538 4176 589 4230 pp.
606 4160 698 4216 19-15.

312 4256 324 4289 2
344 4273 357 4306 r
377 4254 472 4308 Toute
488 4253 518 4306 la
531 4251 717 4306 retribueieu
732 4250 771 4304 du
787 4249 894 4304 labour
913 4253 943 4302 et
958 4248 996 4304 de
1018 4250 1048 4303 la
1060 4249 1214 4317 despenee
1233 4250 1319 4304 dudit
1333 4251 1408 4306 livre

278 4345 386 4413 depuis
402 4343 497 4397 aeste'
512 4341 722 4396 liberalement
735 4337 826 4393 faiete
841 4344 870 4393 et
886 4338 1093 4406 administrae,
1111 4353 1149 4392 en
1166 4343 1232 4393 taut
1254 4352 1312 4406 que
1333 4354 1409 4395 vous

277 4440 359 4488 estes
372 4434 400 4488 le
414 4446 485 4500 vray
505 4436 536 4485 et
550 4431 617 4485 seul
631 4430 798 4484 mediatem
814 4441 868 4496 par
882 4428 933 4497 qui
947 4428 975 4482 le
990 4428 1035 4481 dit
1058 4427 1131 4482 livre
1156 4432 1204 4482 est
1226 4429 1305 4482 ainsi
1328 4443 1409 4485 eom·

278 4524 339 4590 pile
359 4527 390 4576 et
411 4521 536 4588 ascript.
549 4563 572 4576 ..
600 4538 613 4569 »
636 4519 782 4587 (Epistula
801 4518 838 4571 ad
863 4518 1009 4571 Joannam
1035 4516 1202 4583 Biturigum
1229 4517 1350 4586 ducem,
1371 4520 1409 4573 ab

280 4614 313 4665 Α.
330 4612 433 4666 Hortis
447 4610 539 4679 edita,
556 4606 655 4675 studi,
672 4622 701 4676 p.
717 4606 790 4675 743.)
