3598 5616
369 551 408 612 84
850 569 941 612 οιιυι
963 569 1006 611 ιιι.

368 700 454 772 dem
476 723 495 770 <r
517 705 648 793 poetae
663 700 795 774 eximii
816 725 835 772 u
857 701 906 772 ab
927 701 1078 794 aequali
1096 701 1261 794 quodam
1278 721 1493 774 concessam

368 835 531 910 libentes
546 838 583 908 et
598 857 667 908 nos
682 835 899 909 tribuamus
913 837 938 907 ¹.
955 834 1139 908 Ultimum
1160 841 1290 908 tamen
1304 835 1392 908 libri
1411 859 1495 909 car-

368 990 455 1042 men
494 968 556 1042 hic
594 969 924 1044 transcribendum
957 991 1173 1060 censemus
1215 992 1305 1042 nam
1342 970 1494 1043 fidelius

367 1125 483 1196 quam
511 1103 708 1197 quodlibet
736 1103 841 1176 aliud
870 1104 1079 1176 sententias
1104 1103 1273 1177 Boceacii
1302 1105 1427 1195 refert,
1457 1109 1495 1177 et

367 1257 601 1331 quamquam
630 1237 671 1310 in
701 1259 744 1310 eo
774 1259 849 1309 non
880 1238 1011 1310 omnia
1043 1238 1243 1332 perspicua
1271 1259 1393 1332 neque
1421 1239 1495 1312 ele-

365 1370 499 1462 gantia
516 1375 618 1462 sunt,
641 1371 820 1465 pleraque
840 1371 974 1442 saltem
996 1369 1285 1465 intelliguntur²
1303 1390 1315 1443 ε·

612 1557 770 1625 S’amour
789 1555 891 1623 estoit
911 1555 1167 1644 sunsjalousie‚

567 1665 705 1731 Fernrne
726 1663 814 1730 n’est
834 1685 899 1753 que
916 1685 996 1752 rnoy
1017 1662 1092 1751 plus
1111 1665 1268 1752 j0yeuse.

613 1818 656 1888 Sc
673 1821 838 1910 jeunesse
854 1828 886 1885 et
902 1817 956 1884 bel
972 1828 1089 1885 amant

570 1925 626 1993 S’a
646 1925 771 1992 lemme
787 1935 885 1994 vertu
901 1936 983 2016 puet
998 1925 1152 2006 soulfiro,

568 2033 726 2123 Sagessa
750 2056 865 2100 meurs
881 2042 914 2098 et
931 2032 1144 2112 baudement,

568 2141 661 2209 Beau
676 2140 788 2230 parler
805 2151 839 2207 et
854 2149 1121 2219 attournement,

566 2249 606 2315 le
625 2257 703 2316 tous
723 2270 780 2315 ces
796 2246 882 2314 dona
899 2269 940 2314 en
957 2246 1003 2312 lui
1022 2246 1146 2312 ramiro

567 2355 632 2435 Qui
649 2365 702 2422 est
722 2378 777 2421 ma
797 2356 893 2422 sante
914 2353 1139 2433 vraiement³‚

567 2464 607 2554 Εἰ
624 2463 680 2551 qui
697 2461 853 2529 d'amour
868 2460 935 2527 m'a
950 2460 978 2527 si
995 2460 1097 2526 saisio
1363 2547 1366 2553 Ι

568 2569 642 2649 Que
657 2569 733 2660 plus
751 2567 908 2657 qu⁷autre
930 2589 983 2634 me
1000 2567 1088 2633 tiens
1108 2567 1291 2636 beureusr.

615 2675 773 2743 S'amour
788 2675 890 2741 estoit
909 2696 990 2740 sans
1003 2673 1166 2764 jalousic‚

569 2785 707 2850 Farnme
722 2781 811 2848 n⁷est
831 2804 896 2870 que
913 2802 993 2870 moy
1009 2781 1086 2871 plus
1099 2785 1257 2872 joyeuse.

367 3017 510 3072 cantitat:
532 3014 579 3069 voi
591 3032 652 3070 non
664 3015 749 3069 l'aarr'
765 3015 802 3068 da
817 3018 869 3086 mi,
885 3014 931 3068 voi
951 3031 1012 3069 nou
1029 3015 1114 3068 I'aort
1131 3015 1170 3068 da
1190 3019 1242 3086 mt,
1260 3017 1340 3071 unde
1364 3016 1494 3071 Lauren·

367 3108 428 3162 tius
443 3111 587 3175 quattuor
600 3119 707 3160 versus
721 3105 928 3174 deprompsit:

651 3214 733 3267 Vous
748 3211 867 3267 n'aurez
882 3213 970 3268 dame
986 3214 1129 3268 Brunette

651 3302 690 3357 Ge
705 3317 764 3370 que
779 3302 946 3356 demander
960 3316 1035 3356 vous
1048 3317 1098 3371 oy,

651 3393 732 3446 Vous
745 3406 782 3446 ne
798 3405 890 3445 aurez
904 3391 943 3446 de
958 3406 1013 3460 par
1028 3406 1096 3460 moy

722 3481 764 3535 La
772 3481 925 3536 cuissette.

402 3592 436 3646 ln
453 3605 520 3645 nov.
534 3591 569 3657 X,
585 3587 612 3658 6,
628 3588 780 3643 distichon
794 3588 840 3643 sic
854 3588 1007 3642 redditur:

652 3696 728 3750 Tant
740 3695 805 3750 suis
819 3695 957 3749 d’amour
971 3696 1072 3763 espris

652 3785 715 3850 Que
731 3782 819 3839 homs
834 3799 872 3839 ne
888 3784 1026 3852 pourroit
1040 3785 1121 3853 dire;

652 3873 789 3929 L'amour
803 3878 850 3928 est
867 3873 905 3927 de
920 3873 1003 3927 bault
1017 3873 1085 3941 prix

653 3964 677 4018 A
691 3964 743 4031 qui
759 3977 828 4017 ιιιοιι
844 3977 937 4018 eueur
949 3963 979 4031 je
993 3962 1059 4016 tire.

403 4073 478 4128 Vide
490 4076 649 4141 praeterea
663 4071 693 4123 in
709 4084 775 4124 nov.
791 4069 839 4136 Vl,
856 4067 902 4136 te,
918 4083 1025 4124 omnes
1045 4068 1132 4124 Gucii
1148 4069 1311 4125 imbrattae
1334 4071 1462 4125 virtutes
1476 4084 1495 4124 a

367 4164 459 4218 tratre
474 4161 619 4229 Caepulla
638 4160 679 4214 ita
703 4164 887 4214 memoratas
908 4164 942 4213 ut
956 4160 1028 4213 bina
1051 4159 1143 4214 verba
1166 4160 1305 4215 eumdem
1330 4173 1440 4215 sonum
1463 4160 1492 4213 in

368 4251 506 4307 cadendo
522 4250 658 4304 reddant.

406 4345 411 4376 ¹
433 4342 507 4395 Vide
527 4352 630 4407 supra,
645 4352 675 4405 p.
685 4337 711 4393 t.

402 4433 413 4468 ²
432 4431 561 4487 Codices
573 4428 635 4496 jam
651 4426 774 4495 laudati,
792 4427 899 4481 Arsen.
916 4424 987 4480 5070
1001 4432 1032 4482 et
1043 4427 1109 4482 cod.
1123 4428 1156 4481 tr.
1174 4425 1236 4496 tae,
1252 4428 1309 4482 soli
1323 4428 1491 4483 carminum

367 4521 502 4578 omnium
517 4517 679 4573 lectionem
694 4514 883 4570 tolerabilem
902 4517 1058 4584 praebent.

405 4609 414 4642 ³
434 4606 656 4664 Consonantiae
673 4605 703 4658 in
719 4619 774 4658 sex
790 4604 896 4672 primis
911 4605 1050 4659 versibus
1066 4606 1155 4674 buius
1171 4607 1315 4674 strophae
1330 4605 1419 4660 aliter
1432 4606 1493 4660 dis·

369 4700 487 4771 positae
501 4702 573 4752 sunt
587 4701 679 4765 atque
691 4695 721 4749 in
736 4694 847 4749 ceteris
863 4695 1006 4762 strophis.
