3568 5620
328 1905 487 1992 Quando
507 1910 544 1978 et
562 1927 638 1999 quo
657 1907 770 1979 modo
790 1907 893 2001 apud
913 1907 1077 2002 majores
1091 1913 1240 1982 nostros
1260 1910 1406 2004 praeci-

278 2061 356 2134 pua
364 2039 580 2112 Italicorum
596 2040 822 2134 scriptorum
833 2062 947 2135 opera
961 2041 1151 2135 divulgari
1166 2049 1298 2137 coepta
1313 2045 1403 2136 sint,

279 2175 410 2247 multis
428 2174 507 2269 jam
531 2175 579 2246 ab
608 2174 722 2246 annis
746 2174 937 2268 inquirere
964 2176 1075 2248 nobis
1106 2177 1305 2249 inanimo
1329 2183 1404 2273 est3

278 2314 393 2403 atquc
413 2309 512 2381 inter
533 2308 617 2381 illos
637 2307 757 2380 claros
783 2314 914 2402 poetas
939 2310 1006 2402 qui
1031 2311 1142 2403 quasi
1172 2310 1322 2384 lumina
1350 2333 1407 2384 se-

278 2442 355 2515 culi
378 2442 462 2514 XIV
488 2443 729 2532 exstiterunt,
758 2442 924 2515 loannes
953 2442 1156 2516 Boccaoius
1182 2445 1406 2538 praesertim

280 2577 320 2648 in
340 2598 379 2649 so
408 2576 578 2649 studium
607 2581 781 2648 nostrum
811 2577 1012 2667 convertit,
1038 2583 1169 2671 utpote
1198 2579 1265 2672 qui
1289 2579 1407 2674 pluri·

281 2733 399 2800 mum,
423 2710 560 2783 seculis
577 2709 644 2782 XV
664 2715 701 2782 et
720 2709 819 2800 XVI,
847 2710 964 2782 Gallis
978 2712 1161 2805 probatus
1192 2713 1254 2802 sit,
1277 2734 1407 2786 exem-

280 2844 417 2937 plaque
455 2841 718 2915 narratoribus
755 2843 896 2915 nostris
936 2844 1129 2918 maximae
1167 2846 1407 2918 auctoritatis

279 2977 522 3071 praestiterit.
558 2976 610 3050 Eo
640 2977 752 3049 modo
781 2977 820 3049 in
849 2977 1098 3050 Laurentium
1126 2979 1173 3051 de
1200 2979 1407 3052 Primolato

280 3110 522 3202 devenimus
550 3111 617 3204 qui
645 3111 811 3204 primm,
845 3111 1002 3184 ineunte
1030 3113 1157 3184 seculo
1190 3113 1275 3204 XV,
1312 3107 1408 3186 duos
1479 3185 1481 3192 .

281 3245 451 3318 Boccacii
473 3245 590 3318 libros
615 3245 654 3316 in
676 3245 856 3338 gallicum
886 3267 1099 3318 sermonem
1125 3247 1336 3342 convertit;
1362 3248 1408 3321 de

280 3402 355 3474 quo
384 3381 511 3474 plures
540 3379 619 3474 jam
645 3379 834 3469 dixerunt,
859 3400 936 3451 uon
964 3384 1094 3453 tamon
1119 3380 1213 3453 adeo
1239 3383 1349 3476 plene
1371 3388 1410 3455 et

280 3512 443 3606 perfecte
470 3518 514 3586 ut
540 3513 638 3584 nihil
662 3513 740 3607 jam
767 3512 857 3584 addi
882 3535 992 3607 posse
1019 3514 1209 3587 videatur.

331 3647 506 3720 Ceterum
534 3647 763 3720 Laurentius
782 3668 849 3741 per
869 3669 907 3719 se
936 3648 1062 3741 ipsum
1094 3649 1199 3720 haud
1227 3649 1409 3743 indignus

280 3786 338 3853 est
356 3779 422 3874 qui
438 3779 566 3851 brevis
580 3778 781 3873 cujusdam
800 3779 918 3853 libelli
929 3787 1198 3873 argumentum
1213 3783 1407 3876 praebeat

281 3935 385 4003 uam,
412 3917 596 4008 regnante
616 3913 748 3986 Carolo
775 3913 838 4004 Vl,
860 3936 947 3986 cum
976 3914 1141 3987 loannes
1169 3915 1215 3988 de
1243 3917 1410 3988 Monste-

281 4048 388 4138 rolio‚
407 4047 623 4120 Gontherus
638 4045 732 4118 Colli
756 4047 898 4141 aliique
917 4048 1044 4141 plures
1068 4048 1117 4120 ad
1145 4051 1408 4123 renovandum

282 4181 497 4254 litterarum
517 4179 688 4252 studium
718 4179 891 4252 animum
912 4181 1166 4273 intenderent,
1189 4188 1227 4255 et
1255 4183 1409 4256 assidue

282 4315 530 4408 antiquorum
550 4313 778 4407 scriptorum
799 4335 914 4408 opera
928 4315 1165 4406 evolverent,
1181 4315 1410 4391 Laurentius

283 4448 415 4542 etipse
436 4449 560 4521 socius
579 4448 653 4520 luit
671 4447 813 4520 laboris
827 4448 889 4520 cui
908 4448 1076 4541 optimus
1090 4449 1264 4544 quisque,
1287 4457 1410 4525 aetate

284 4582 364 4672 illa,
387 4604 426 4654 se
446 4581 640 4675 accingere
660 4580 794 4653 voluit.
820 4581 1022 4674 Propterea
1037 4604 1114 4654 non
1134 4583 1269 4656 inutile
1284 4585 1411 4656 visum
