3568 5620
766 567 899 610 errori.
1357 550 1395 610 25

270 700 311 768 de
331 700 487 768 ¹Centum
510 700 662 768 Novellis
690 710 787 767 sexto
812 699 1002 790 vulgariter
1031 711 1063 768 et
1088 699 1151 768 suli
1176 701 1263 768 rimo
1290 699 1396 767 libros

270 809 476 899 composuit,
498 808 618 876 laudes
638 808 774 898 incipit¹
795 809 829 874 in
845 807 1032 876 carniinet.

319 1043 375 1116 Ex
394 1044 465 1116 hoc
480 1043 591 1116 titulo
609 1043 858 1137 versibusque
878 1043 970 1136 ipsis
989 1043 1055 1137 qui
1067 1048 1279 1137 sequuntur
1296 1044 1399 1117 eolli-

269 1198 355 1270 gere
372 1199 617 1272 possumusa
646 1177 851 1251 Laurentio
879 1179 1058 1271 pleraque
1079 1178 1250 1251 Boccacii
1277 1179 1399 1252 latina

270 1333 383 1404 opera
402 1311 555 1405 cognita
574 1333 673 1405 esse3
707 1312 829 1384 solum
859 1311 1047 1384 omittitur
1070 1312 1289 1385 Bucolicum
1309 1334 1399 1384 car-

270 1466 371 1534 men,
399 1445 501 1542 quod
526 1445 681 1538 quidem
705 1469 841 1539 parum
867 1445 1109 1538 divulgatum
1142 1438 1236 1535 erat,
1259 1452 1297 1519 et
1315 1447 1398 1520 ideo
1455 1499 1458 1506 .

271 1601 357 1651 cum
376 1577 528 1652 Phoebo
547 1579 720 1673 queritur
739 1580 899 1673 scriptor
915 1580 1017 1673 quod
1035 1580 1237 1652 Boccacius
1251 1581 1399 1674 poetica

269 1713 449 1786 facultate
469 1734 603 1806 expers
617 1709 766 1786 fueriti
787 1713 971 1807 Vulgaria
994 1719 1124 1787 autem
1144 1714 1236 1787 clari
1257 1737 1397 1788 narra-

271 1846 363 1920 toris
382 1869 496 1940 opera
525 1846 742 1940 imperfecte
769 1853 1048 1948 memorantur:
1084 1870 1171 1920 cum
1192 1849 1286 1921 haec
1310 1849 1400 1920 scri-

271 1982 388 2072 beret,
412 1980 641 2054 Laurentius
661 1981 863 2074 ignorabat
882 1982 1077 2054 Griselidis
1110 1982 1281 2056 tabulam
1301 1983 1399 2055 nihil

272 2113 477 2188 aliudesse
497 2114 764 2188 nisiultimani
786 2139 805 2185 r<
827 2115 1023 2188 Novellam
1040 2141 1059 2187 i>
1081 2115 1168 2188 libri
1189 2117 1255 2210 qui
1278 2115 1400 2189 Decu-

273 2271 406 2321 meron
422 2245 676 2340 inscribitur,
699 2269 768 2321 nec
784 2254 1002 2342 poematum
1017 2272 1115 2344 quae
1129 2250 1282 2344 juvenis
1297 2273 1399 2322 corn-
1487 2327 1490 2331 ,
1582 2305 1583 2310 ,

272 2387 451 2477 posuerat
470 2383 673 2456 Boceacius
692 2383 823 2455 titulos
844 2382 978 2455 saltem
998 2390 1207 2478 acceperat,
1237 2383 1399 2458 Philos-

272 2516 365 2589 troti
392 2517 547 2607 scilicet,
587 2515 814 2606 Thraecam,
848 2515 1084 2614 Nympbob's
1117 2516 1331 2592 Faesulom'
1362 2525 1399 2591 et

273 2650 498 2724 Amatorioe
513 2649 687 2734 sisinnio,
703 2654 746 2722 ut
765 2649 882 2721 libros
903 2651 1025 2723 soluto
1041 2673 1213 2724 sermone
1225 2652 1396 2746 scriptos,

308 2945 316 2979 ¹
338 2941 452 3012 Incipit
464 2958 519 3011 pro
533 2941 686 3012 incipiant
704 2945 813 2999 unicus
829 2947 1046 3012 grammatices
1060 2958 1144 2998 error
1166 2944 1195 2996 in
1218 2945 1276 2997 boc
1294 2943 1400 2998 verbo-

273 3049 339 3090 rum
363 3032 493 3088 circuitu
508 3049 515 3101 ;
539 3033 720 3087 Laurentius
743 3035 801 3090 boc
823 3037 927 3104 verbo,
942 3040 975 3089 ut
988 3033 1122 3104 explicit,
1139 3033 1307 3088 invariabili
1323 3047 1400 3087 usus

274 3127 333 3178 est.
346 3122 476 3190 Reliqua
488 3121 647 3191 periodus,
662 3122 772 3191 siquis
787 3124 967 3192 perspicere
980 3124 1062 3193 velit,
1077 3138 1136 3177 non
1157 3124 1250 3192 clare,
1267 3136 1327 3176 non
1341 3122 1400 3176 ete-

273 3216 390 3280 ganter,
408 3210 463 3265 sed
480 3225 539 3264 nee
554 3212 714 3281 mendose,
729 3227 786 3267 nec
800 3214 991 3281 negligenter
1006 3213 1123 3281 scripta
1138 3217 1187 3267 est
1200 3229 1206 3281 3
1220 3226 1276 3280 pro
1289 3211 1401 3264 Genea-

276 3299 383 3370 lcpie...
408 3298 498 3353 libros
518 3300 627 3354 melius
653 3305 755 3356 tamen
778 3303 909 3358 dixisset
933 3303 968 3356 dc
996 3301 1189 3370 Geneatopia‚
1215 3307 1246 3355 et
1274 3300 1400 3354 Centum

273 3389 468 3444 Noceltarum
482 3404 537 3458 pro
552 3389 587 3442 dc
604 3389 730 3444 Centum
743 3391 883 3447 Noveltis.

309 3480 321 3514 ²
339 3480 411 3535 God.
426 3479 649 3534 Laurentianus
667 3480 761 3534 Palat.
777 3480 829 3533 228
842 3482 923 3536 bunc
938 3483 1062 3550 longum
1076 3483 1237 3535 verborum
1251 3480 1398 3534 arrrbitum

273 3569 405 3624 fideliter
428 3568 537 3623 reddit.
559 3568 713 3623 Librarius
734 3574 836 3624 autern
860 3571 983 3639 quidam
1007 3572 1107 3624 minus
1130 3571 1262 3637 diligens
1285 3585 1323 3624 ex
1341 3571 1400 3624 boc

274 3659 401 3726 periodo
415 3659 521 3712 titulos
538 3673 666 3726 operum
679 3657 820 3714 Boceacii
832 3675 999 3728 excerpere
1013 3662 1130 3728 volens,
1147 3661 1290 3715 incautus
1305 3660 1400 3728 scrip-

275 3750 335 3803 sit:
349 3767 363 3798 p
377 3752 409 3803 et
422 3748 555 3815 septimo
567 3748 644 3802 liber
654 3751 818 3803 coritinens
832 3750 941 3804 laudes
954 3751 1006 3819 qui
1022 3751 1130 3818 incipit
1142 3749 1254 3803 Arcens
1269 3751 1400 3803 Lauren-

276 3837 334 3892 tius
349 3852 512 3906 campanus
524 3853 548 3905 r,
563 3839 652 3906 quasi
666 3838 835 3893 Boccaeius
854 3853 928 3894 suas
939 3840 1038 3907 ipsius
1052 3840 1161 3894 laudes
1173 3840 1307 3894 carmine
1320 3854 1401 3895 com·

275 3927 453 3996 posuisset!
466 3927 541 3992 (Bib.
553 3928 621 3982 Nat.
636 3928 687 3980 lat.
702 3926 800 3995 14636,
814 3927 926 3982 solstiti
937 3943 1042 3998 verso3
1057 3931 1165 3984 Mazar.
1179 3927 1259 3997 3877,
1274 3928 1398 3998 toreca

274 4018 344 4072 vide
358 4017 471 4085 Hortis,
486 4031 515 4083 p.
531 4015 594 4084 623,
611 4016 727 4083 adnot)

310 4135 320 4167 ³
435 4131 495 4186 Sed
512 4131 577 4200 tibi,
589 4132 723 4200 Phoebe,
738 4135 835 4202 nefaS,
851 4135 908 4188 nisi
923 4135 1070 4201 religione
1085 4139 1215 4203 vetarer,

436 4220 629 4288 ascripsisse
642 4225 732 4275 vacat
745 4222 826 4291 quod
840 4237 992 4291 nusquam
1008 4224 1127 4290 plectra
1140 4225 1154 4278 J
1158 4225 1288 4278 ohannis

436 4309 570 4364 Flexeris
582 4308 620 4362 ad
636 4324 780 4364 numeros
798 4316 829 4365 et
847 4313 946 4366 ameni
959 4313 1103 4367 carminis
1118 4328 1203 4367 usus,

311 4426 321 4459 ⁴
341 4427 427 4492 Quod
447 4425 572 4494 quidem
586 4439 645 4480 non
659 4426 893 4494 despiciendum
908 4429 1054 4483 indicium
1069 4431 1198 4496 praebet
1211 4445 1249 4484 ex
1265 4444 1326 4497 quo
1340 4430 1401 4482 col-

278 4517 410 4584 ligamus
422 4516 480 4569 hos
492 4528 602 4568 versus
617 4515 703 4582 prius
719 4530 792 4572 esse
811 4519 945 4586 scriptos
968 4532 1060 4586 quam
1079 4519 1260 4572 Laurentius
1275 4518 1401 4571 Centum

275 4606 412 4661 Noccltas
424 4604 533 4673 gallice
549 4605 768 4660 transtulisset.
