3598 5616
377 550 416 608 56
870 565 959 608 cnrur
981 566 1012 607 u.

377 703 422 775 de
456 701 580 796 operis
612 701 666 774 sio
699 699 875 773 translati
909 704 946 772 et
978 699 1203 794 amplilioati
1231 699 1384 772 fortuna
1404 699 1506 793 apud

377 836 505 909 Gallos
537 834 704 908 breviter
736 835 951 928 loquamur,
969 838 1007 906 et
1026 833 1216 927 imprimis
1231 834 1397 927 legantes
1417 855 1506 904 mo—

376 991 537 1042 neamus
575 991 621 1042 ne
647 967 770 1040 nimia
815 968 1016 1040 severitate
1060 967 1300 1040 translatoris
1335 967 1504 1040 laborem

376 1104 572 1177 damnent.
606 1103 716 1175 lllum
747 1123 838 1174 sane
869 1101 1092 1174 Boooacium
1125 1123 1239 1195 quem
1277 1100 1506 1174 Laurentius

376 1238 603 1332 aequalibus
632 1237 712 1310 suis
738 1237 904 1309 ostendit
930 1236 1043 1330 plane
1069 1236 1119 1308 ab
1149 1257 1193 1308 eo
1226 1236 1423 1308 dissimilis
1450 1240 1533 1310 est'

375 1371 442 1466 qui
474 1369 604 1464 junior
635 1367 899 1468 Nymphaion
926 1367 1202 1453 Faesulanum,
1231 1368 1506 1445 Flammettom

376 1510 414 1578 et
434 1503 658 1600 praesertim
685 1501 847 1576 Centum
875 1501 1060 1579 Nooellos
1090 1510 1374 1599 composuerat,
1405 1506 1506 1598 quod

375 1639 529 1735 quidem
549 1637 753 1711 Laurentio
773 1637 954 1731 imputari
970 1627 1055 1714 non'
1063 1643 1197 1731 potest,
1217 1640 1282 1712 sed
1295 1634 1421 1732 potius
1433 1640 1506 1734 ipsi

376 1772 555 1846 Boccaoio
578 1773 644 1865 qui
671 1793 806 1844 revera
829 1772 868 1843 in
897 1772 1005 1844 libris
1033 1771 1095 1845 De
1118 1770 1278 1846 Casibus
1306 1773 1507 1848 historicae

363 1906 599 2000 disciplinae
619 1911 657 1978 et
675 1905 858 1979 asceticae
869 1907 972 1978 vitae
987 1907 1170 1979 cultorem
1191 1930 1231 1980 se
1248 1908 1502 2001 praest'terat.

380 2040 486 2113 lllius
506 2063 601 2134 opus
621 2040 827 2113 translator
845 2040 1010 2134 longius,
1023 2041 1257 2135 languidius,
1271 2041 1507 2116 fastidiosius

377 2175 522 2270 effecit3
563 2175 629 2252 sed
661 2174 754 2268 quid
782 2174 937 2268 posteat
964 2173 1039 2247 Nec
1059 2175 1252 2269 scriptoris
1271 2175 1507 2270 propositum

378 2310 534 2382 tandem
564 2308 810 2399 adulteravit,
832 2330 902 2381 nec
917 2308 1034 2382 totius
1051 2309 1137 2381 libri
1153 2309 1375 2400 divisiones
1398 2315 1447 2401 et,
1465 2315 1509 2382 ut

378 2443 434 2516 ita
448 2443 586 2534 dicam,
605 2442 864 2515 oeconomiam
885 2443 1063 2516 mutavit.

429 2576 598 2650 Modioae
622 2577 753 2650 laudes
778 2576 873 2649 istae
903 2582 993 2650 sunt
1022 2577 1210 2673 proiecto,
1250 2599 1373 2672 neque
1406 2579 1508 2651 enim

380 2713 420 2784 in
432 2711 637 2785 Laurentio
649 2711 863 2805 praeclaras
876 2710 1019 2805 ingenii
1031 2712 1137 2784 dotes
1149 2712 1280 2785 mirari
1289 2712 1504 2807 possumusl

382 2845 455 2919 Sed
483 2867 560 2918 non
588 2866 736 2939 semper
762 2844 1014 2918 mediocribus
1047 2844 1293 2940 scriptoribus
1321 2852 1510 2941 negantur

380 2982 552 3076 plausus,
569 2978 792 3073 praesertim
809 2979 960 3051 eumad
979 2979 1198 3074 aequalium
1223 3002 1379 3054 suornm
1405 3002 1510 3053 mon-

380 3120 457 3188 tem
473 3119 511 3187 et
525 3113 739 3186 doctrinam
759 3112 907 3207 egregie
928 3134 967 3185 se
993 3114 1295 3202 accommodant,
1318 3115 1508 3209 librosque

380 3247 516 3321 fluenti
550 3246 636 3319 stilo
665 3251 703 3319 et
730 3246 911 3340 temporis
940 3246 1233 3320 necessitatibus
1267 3254 1376 3343 aptos
1403 3271 1509 3321 cons-

381 3383 545 3457 cribunt.
565 3379 793 3454 Laurentius
821 3382 868 3454 de
898 3381 1104 3455 Primoiato
1133 3403 1153 3454 e
1186 3405 1346 3456 numero
1378 3405 1508 3458 corum

382 3516 609 3611 scriptorum
644 3515 718 3588 tuit
754 3515 834 3609 qui,
877 3517 1027 3609 magnis
1071 3516 1281 3589 virtutibus
1320 3517 1505 3608 destituti,

384 3671 567 3744 magnum
599 3653 729 3723 tamen
764 3648 836 3721 sibi
865 3648 1035 3722 favorem
1069 3650 1247 3745 operibus
1278 3651 1358 3723 suis
1387 3651 1509 3725 conci-

383 3785 587 3858 liaverunt.

434 3918 566 4011 Reges,
598 3916 800 4010 principes,
831 3916 992 4007 nobiles,
1029 3917 1156 4010 potius
1181 3939 1297 4011 quam
1322 3918 1448 3992 olerici
1474 3924 1511 3993 et

383 4051 553 4140 litterati,
595 4072 743 4122 summo
781 4050 907 4123 studio
942 4050 1111 4123 Bocoaoii
1131 4071 1275 4144 opusa
1306 4051 1511 4125 Laurentio

381 4344 443 4412 jam
458 4342 625 4411 perlectum
647 4341 741 4397 luisse
757 4342 925 4396 miniatoris
939 4356 1017 4410 opus
1033 4355 1102 4397 cum
1119 4343 1223 4398 addita
1245 4349 1295 4399 est
1314 4343 1420 4398 ultima
1440 4357 1511 4412 pars

384 4433 506 4502 capitis,
532 4436 563 4486 et
591 4432 659 4487 ideo
682 4433 770 4488 facile
793 4432 991 4500 intelligimus
1014 4433 1165 4501 quaedam
1191 4435 1294 4502 operis
1325 4434 1512 4502 exemplaria

385 4522 569 4589 transcripta
596 4535 666 4576 esse
692 4527 762 4577 ante
787 4522 985 4591 additionem,
1007 4522 1156 4590 quaedam
1173 4525 1279 4577 contra
1293 4528 1364 4591 post
1384 4523 1512 4578 additio·

385 4626 465 4666 nem.
