3568 5620
768 557 858 600 caror
880 559 911 601 ιι,
1367 537 1406 597 43

322 737 443 817 L'uue,
474 760 601 829 pouroe
630 759 696 826 que
729 760 771 804 en
802 735 962 826 laugaige
994 735 1117 825 vulgar
1139 759 1181 802 ne
1206 743 1287 826 peut
1315 743 1406 802 estre

278 844 404 934 gardae
420 843 630 934 plainement
650 854 702 912 art
721 842 763 911 de
778 844 989 934 rlretorique,
1003 847 1039 935 J'e
1055 865 1181 934 useray
1203 842 1245 910 de
1272 841 1407 940 paroles

276 959 309 1018 et
342 950 383 1019 de
415 961 596 1019 sentences
620 959 876 1042 promptement
902 949 1117 1019 entendibles
1147 959 1180 1017 et
1206 950 1315 1017 clercs
1338 971 1406 1016 aux

276 1056 400 1125 liseurs
435 1067 469 1125 et
493 1068 710 1126 escouteurs
750 1057 790 1124 de
831 1080 869 1126 ce
905 1057 990 1126 livre
1028 1080 1108 1124 sans
1145 1057 1236 1124 riens
1271 1054 1406 1122 laissier

277 1164 430 1254 qui'soit
454 1164 495 1231 do
527 1187 587 1232 son
628 1187 797 1232 essonae:
826 1164 946 1232 l'autre
978 1165 1081 1231 chose
1106 1173 1159 1231 est
1182 1186 1247 1253 que
1276 1187 1314 1230 ce
1349 1161 1405 1252 qui

278 1271 406 1339 semble
427 1281 503 1362 trop
519 1271 609 1339 brief
622 1295 666 1339 ou
679 1281 753 1362 trop
774 1271 910 1350 obscur,
927 1274 962 1361 je
978 1270 1009 1338 lo
1027 1271 1205 1361 alongiray
1233 1294 1275 1337 en
1302 1292 1405 1359 expo·

278 1363 356 1446 sent
374 1401 436 1470 par
452 1389 540 1447 mois
558 1388 591 1447 et
611 1402 671 1469 par
693 1389 871 1447 sentences
883 1382 907 1444 ¹.

327 1586 434 1675 Quod
453 1587 524 1661 etsi
543 1609 620 1660 non
635 1586 790 1681 optimc,
812 1586 948 1659 melius
963 1591 1091 1660 tamen
1110 1590 1329 1680 persecutus
1348 1589 1406 1658 est

278 1721 318 1795 in
336 1721 487 1795 duabus
502 1721 692 1794 Ciceronis
717 1743 872 1814 operum
902 1719 1235 1814 translationibus3
1255 1724 1304 1811 et,
1327 1718 1405 1812 jam

277 1855 371 1929 artis
404 1877 496 1928 suae
525 1855 648 1949 magis
684 1854 829 1949 peritus
862 1875 1010 1949 usuque
1043 1853 1285 1943 iniorrnatuS,
1320 1857 1406 1947 post

278 1991 482 2087 septimum
497 1997 565 2065 aut
580 1997 758 2066 octavum
779 2011 924 2064 annum
944 1991 993 2064 ad
1007 1991 1124 2072 libros
1139 1989 1307 2063 Boooeoii
1324 1989 1403 2084 iam

276 2124 383 2219 prius
403 2149 426 2198 a
446 2148 484 2198 se
500 2147 704 2198 conversos
718 2124 843 2216 rediit,
856 2147 1026 2220 opusque
1046 2124 1277 2214 emendavit,
1300 2123 1405 2196 dile-

277 2258 387 2349 tavit,
411 2259 675 2353 amplificavit,
693 2282 768 2354 quo
790 2259 939 2332 iacilius
973 2258 1247 2352 intelligeretur
1278 2262 1316 2329 et
1344 2279 1404 2330 co-

277 2391 480 2485 piosiorem
494 2393 707 2467 doctrinam
724 2395 890 2488 legentes
905 2393 1152 2487 perciperent.

828 2723 858 2796 ll

325 2957 428 3045 Ques
441 2956 605 3030 tandem·
617 2958 665 3030 ob
681 2961 816 3029 causas
844 2955 1073 3029 Laurentius
1088 2955 1251 3049 priorem
1271 2961 1404 3028 trans-

277 3091 458 3165 lationem
473 3091 755 3164 retractandam
780 3090 987 3184 susceperit
1013 3090 1246 3184 praesentire
1269 3111 1405 3184 posse-

278 3249 376 3316 mus,
414 3224 530 3299 etiam
560 3224 591 3296 si
622 3246 687 3297 eas
715 3224 911 3319 perspicue
941 3224 1021 3318 ipse
1046 3246 1123 3297 non
1150 3225 1399 3319 exposuisset.

279 3360 351 3434 Sed
370 3359 606 3454 propositum
622 3358 676 3432 sio
690 3359 897 3453 explicavit
918 3359 959 3432 in
977 3382 996 3428 a
1023 3359 1141 3433 altero
1160 3360 1339 3454 prologo²
1359 3383 1400 3432 »z

312 3593 320 3627 ¹
341 3590 417 3648 lota.
434 3593 500 3648 Non
515 3593 717 3648 omittendum
733 3594 821 3648 nobis
836 3593 957 3648 videtur
979 3593 1185 3663 Laurentium,
1203 3594 1234 3648 in
1255 3592 1313 3649 hoc
1336 3608 1404 3663 pro·

275 3683 373 3738 oemio
393 3682 462 3737 libri
487 3681 529 3735 lJe
556 3680 724 3750 Senectute,
751 3683 867 3753 aliquot
896 3683 1032 3739 Boccacii
1060 3683 1154 3738 verba
1179 3689 1210 3738 et
1234 3685 1403 3740 sententias

218 3831 223 3839 ,
275 3772 581 3841 usurpavisse3nam
608 3772 654 3827 sic
675 3773 859 3827 Ludovicum
882 3773 1057 3828 Borbonesii
1080 3773 1187 3828 ducem
1216 3773 1401 3843 alloquitur:

276 3880 290 3912 a
312 3862 391 3916 Vous
405 3875 479 3915 avez
498 3861 683 3916 desservi...
716 3867 797 3918 estre
819 3862 864 3916 dit
877 3863 1058 3931 philosophe
1080 3863 1130 3932 qui
1146 3868 1195 3917 est
1217 3877 1256 3917 un
1280 3877 1350 3918 nom
1377 3864 1402 3918 si

274 3955 337 4005 tres
352 3955 483 4004 avenant
496 3963 514 4004 a
527 3950 642 4019 prinae,
658 3965 717 4019 que
738 3956 808 4006 tous
829 3965 1007 4021 empereors
1028 3958 1059 4006 et
1082 3966 1151 4021 roys
1172 3952 1224 4021 qui
1244 3953 1326 4007 n‘ont
1347 3968 1403 4021 pas

275 4054 325 4095 ars
340 4054 377 4094 ne
391 4041 529 4095 sciences
544 4054 582 4095 ne
600 4045 672 4095 sont
689 4055 867 4110 empereurs
885 4055 923 4095 ne
944 4055 1016 4111 roys
1032 4042 1107 4097 mais
1128 4047 1197 4096 sont
1218 4043 1403 4098 semblables
1473 4111 1476 4116 Ι

275 4143 621 4184 aasnesoouronneav
645 4131 809 4185 Boccacius
836 4136 937 4186 autem
961 4131 990 4185 in
1012 4131 1144 4200 epistula
1168 4133 1205 4186 ad
1235 4132 1403 4200 Maghinar·

275 4219 346 4273 dum
361 4219 524 4287 scripserat
543 4219 654 4288 (ipsius
676 4218 831 4275 Laurentii
854 4221 1083 4275 translationem
1111 4222 1244 4290 prolerre
1265 4222 1313 4277 hic
1341 4222 1404 4291 pla·

274 4309 354 4377 oet):
377 4324 390 4359 a
411 4309 435 4362 A
458 4309 487 4362 la
510 4308 549 4362 sm
566 4312 721 4364 entrarent
735 4324 772 4364 en
797 4324 865 4364 mon
881 4324 991 4378 corage
1006 4312 1094 4366 ceulx
1113 4312 1164 4381 qui
1190 4316 1311 4380 portent
1333 4326 1403 4367 oou·
1442 4367 1444 4374 ,

276 4396 386 4452 ronnes
407 4398 530 4466 royaulx
555 4402 586 4452 et
609 4399 743 4453 veullent
766 4406 846 4454 estre
865 4406 955 4454 tenus
979 4414 1057 4469 pour
1078 4415 1157 4470 mys,
1176 4384 1253 4456 mais
1269 4402 1307 4456 ils
1334 4408 1403 4457 sont

275 4500 365 4541 asnes
380 4500 530 4554 sauvages
544 4501 563 4541 a
577 4487 677 4542 beaux
692 4488 828 4543 barnois
840 4535 863 4546 ..
893 4511 902 4537 ι
920 4495 951 4545 et
964 4504 1043 4558 quae
1055 4496 1231 4561 sequuntur.

311 4572 452 4645 'Hortis
486 4590 537 4645 pp.
576 4574 629 4630 740
648 4581 678 4630 et
700 4591 764 4646 seq.
801 4578 920 4633 Codicis
954 4579 987 4632 lr.
1023 4577 1073 4634 131
1110 4580 1271 4635 lectionem
1300 4587 1401 4636 tamen

275 4663 381 4720 relero.
1102 4687 1103 4692 ¹
1180 4663 1183 4670 ’
