3598 5616
800 551 890 594 aanor
912 553 944 593 n.
1398 535 1436 594 53

312 687 430 760 latam
445 707 526 760 esse
552 709 627 780 quo
654 687 765 758 modo
780 685 1029 759 credidisset?
1061 685 1139 759 Hae
1157 685 1289 759 tabula
1312 687 1439 780 puella

312 821 501 915 quaedam
526 820 778 914 significatur,
811 820 1018 913 adquam,
1050 821 1090 891 iu
1110 820 1221 892 domo
1251 821 1436 911 clausam,

312 954 464 1054 juvenis
497 976 625 1027 amore
663 960 810 1049 eaptus
853 955 974 1048 pretio
1004 953 1216 1027 sollicitatis
1245 953 1379 1044 servis,
1416 976 1441 1063 a

314 1093 411 1162 teoto
431 1101 470 1162 se
486 1089 741 1162 insinuabat¹.

364 1224 558 1297 Audacem
572 1221 697 1318 'igitur
724 1229 762 1295 et
795 1245 934 1296 novam
967 1223 1184 1296 tabularum
1211 1223 1443 1316 interpreta-

315 1356 471 1446 tionem,
503 1355 542 1427 in
575 1378 653 1450 qua
684 1357 877 1451 propriam
907 1356 1075 1429 Booeaoii
1101 1356 1266 1429 indolem
1305 1379 1444 1450 agnos-

316 1490 475 1564 cendam
511 1495 705 1584 putemne,
740 1491 779 1562 in
813 1492 959 1585 aliquot
990 1490 1147 1564 alterius
1180 1490 1444 1564 translationis

316 1626 416 1698 loeas
436 1625 663 1699 Laurentius
689 1625 932 1715 transfudit2,
955 1630 992 1698 et
1016 1630 1203 1718 quantum
1231 1625 1296 1696 illa
1328 1625 1444 1698 intar-

316 1761 490 1854 pretandi
537 1747 634 1833 ratio
667 1783 690 1832 a
727 1735 884 1853 reliquis
935 1759 1172 1848 commentis
1220 1760 1445 1853 plerumque

317 1894 493 1988 ingenuis
508 1899 545 1967 et
560 1895 729 1986 insulsis,
751 1893 946 1983 dissideat,
960 1893 1083 1966 dicere
1103 1915 1180 1965 non
1201 1915 1392 1966 curamus

367 2030 541 2103 Ceterum
557 2051 602 2102 ea
622 2029 697 2102 lere
713 2029 843 2101 omnia
858 2028 1086 2100 Laurentius
1101 2050 1124 2100 a
1143 2028 1251 2102 libris
1267 2027 1443 2123 sumpsit,

317 2166 372 2240 ita
386 2169 429 2237 ut
441 2164 487 2238 de
507 2164 759 2237 recentiorum
779 2163 930 2236 oasibus
950 2162 1048 2233 nihil
1062 2162 1223 2235 ulterius
1242 2162 1445 2235 dicendum

318 2297 509 2388 habuerit,
531 2296 716 2370 nisiiorte
744 2317 867 2389 pauca
901 2297 1018 2368 verba
1052 2296 1098 2368 de
1130 2295 1287 2367 Joannis
1320 2295 1447 2368 Fran·
1478 2311 1483 2317 ·

318 2455 448 2506 eorum
481 2431 580 2526 regis
614 2435 733 2502 morte
757 2430 783 2520 ³,
819 2430 865 2502 de
894 2451 969 2524 qua
1003 2429 1219 2520 Boaeaoius,
1252 2429 1368 2502 etiam
1406 2429 1446 2500 in

318 2566 523 2661 posteriore
543 2565 667 2659 operis
681 2565 970 2658 eonseriptione,
988 2563 1192 2636 laederer.

369 2703 470 2774 lnter
497 2723 639 2795 pauoas
672 2705 710 2772 et
743 2701 877 2772 breves
910 2676 1249 2771 commentationes
1277 2721 1375 2793 quae
1407 2699 1447 2770 in

319 2837 466 2910 ultimis
493 2835 602 2908 libris
628 2839 844 2924 occurrunt,
877 2855 923 2906 ea
956 2833 1091 2906 saltem
1120 2832 1312 2906 mentione
1332 2833 1449 2926 digna

319 2977 376 3044 est
402 2971 442 3043 in
466 2993 543 3064 qua
568 2970 614 3042 de
643 2968 836 3040 florentini
864 2973 997 3062 poetae
1017 2965 1222 3040 Dantis'de
1242 2967 1448 3062 Aligheriis

320 3128 411 3180 nasu
440 3105 578 3198 agitur.
606 3103 809 3176 Booeaoius
827 3101 906 3197 jam
926 3101 1182 3174 miserabilem
1208 3101 1448 3195 Templario-

357 3357 364 3391 ¹
386 3355 429 3410 De
445 3355 518 3408 Gen.
536 3354 624 3408 Deor.
641 3343 742 3422 11‚'33;
764 3353 835 3407 vide
848 3351 892 3406 De
908 3350 973 3407 Cas.
999 3348 1119 3411 (iterum
1134 3348 1252 3412 transl.)
1268 3351 1291 3416 l,
1313 3350 1358 3405 18.
1374 3350 1448 3406 Vide

321 3447 422 3510 etiam,
438 3446 545 3500 eodem
560 3445 636 3513 loeo,
655 3442 808 3498 Arachnes
823 3441 969 3510 fabulam,
986 3446 1016 3496 et
1035 3442 1112 3495 alios
1136 3442 1219 3495 loeos
1244 3455 1337 3509 supra
1351 3443 1390 3510 (p.
1403 3441 1447 3510 51,

321 3537 390 3592 adn.
404 3537 432 3602 2)
450 3535 591 3590 distinete
606 3534 751 3602 prolatos.

357 3623 368 3658 ²
386 3625 419 3680 ln
435 3624 559 3694 aliquot,
573 3623 665 3678 immo
681 3624 711 3675 in
722 3635 838 3691 paucos
854 3621 938 3675 loeas
949 3620 1125 3686 transfudit,
1143 3634 1211 3673 nam
1230 3621 1354 3689 saepius
1376 3621 1449 3676 Lau·

322 3715 438 3770 rentius
453 3729 490 3769 ex
505 3714 573 3767 aliis
595 3713 731 3767 lontibus
746 3711 915 3765 doctrinam
930 3724 1017 3764 suam
1040 3709 1156 3778 hausit;
1176 3709 1279 3764 sabula
1300 3711 1449 3777 Herculis

322 3805 406 3860 verbi
421 3803 527 3872 gratia,
543 3817 634 3872 quam
650 3802 681 3855 in
708 3802 728 3857 l.
744 3801 766 3869 1,
783 3815 809 3855 o.
833 3799 877 3869 ln,
894 3800 1022 3875 aceepit,
1040 3813 1098 3853 non
1124 3799 1232 3854 eodem
1249 3800 1338 3855 modo
1360 3801 1398 3856 ab
1413 3815 1449 3855 eo

323 3899 462 3949 narratur
476 3907 567 3963 quam
583 3907 600 3946 a
616 3891 759 3946 Booeaoio
775 3891 804 3944 in
822 3889 944 3945 Geneal.
962 3889 1063 3957 Desa,
1079 3889 1098 3941 l.
1114 3889 1189 3956 Xlll,
1206 3903 1231 3942 o.
1248 3889 1274 3943 l.

358 3988 368 4020 ³
388 4004 402 4032 «
422 3984 457 4037 Et
472 3996 562 4051 apres
578 3982 605 4036 le
620 3981 775 4050 paiement
788 3979 826 4034 da
843 3984 905 4034 tres
927 3983 1016 4047 grant
1031 3992 1148 4033 somme
1173 3978 1237 4032 d'or
1251 3979 1362 4034 baillee
1375 3994 1451 4047 pour

323 4088 358 4128 sa
373 4061 494 4139 raneos,
512 4073 543 4138 il,
566 4086 638 4126 sans
654 4076 735 4126 estre
757 4071 899 4138 delivrez,
922 4073 1042 4123 mourut
1062 4069 1156 4122 souhz
1177 4067 1207 4122 la
1226 4068 1388 4136 puissanee
1413 4070 1451 4125 de

325 4178 381 4218 son
393 4162 514 4217 ennemi
528 4175 583 4230 par
597 4176 658 4216 une
672 4160 807 4214 muniere
820 4160 858 4214 de
873 4163 952 4213 mort
965 4158 1099 4226 indigne,
1116 4158 1289 4226 miserable,
1302 4163 1334 4212 et
1349 4159 1452 4213 incon·

324 4267 451 4322 gneuea
465 4251 628 4320 plusieurs.
654 4272 663 4298 ι
686 4251 728 4317 (t.
745 4250 791 4318 lX,
804 4263 830 4303 o.
846 4247 904 4314 27.)

360 4341 370 4373 ⁴
390 4342 496 4396 Libros
511 4341 554 4395 De
571 4339 691 4393 Casibus
706 4339 752 4393 bis
766 4353 783 4392 a
798 4337 943 4393 Boacaoio
957 4336 1147 4404 conscriptos
1162 4348 1231 4389 esse
1247 4335 1452 4390 demonstravi

325 4433 355 4485 in
385 4431 467 4486 brevi
488 4431 619 4500 quadam
646 4429 860 4484 dissertatione
890 4428 1052 4495 inscripta:
1081 4424 1265 4478 Reahsrehes
1283 4440 1336 4477 sar
1359 4424 1385 4477 le
1409 4425 1451 4478 De

326 4520 456 4576 Casibus
470 4518 786 4588 sarracenatorum
801 4517 850 4572 aui
863 4516 969 4570 titulus
988 4513 1084 4568 lintre
1105 4512 1291 4567 Comarodes
1306 4513 1450 4583 (Parisiis

326 4609 406 4679 1901,
420 4624 449 4678 p.
466 4607 539 4679 279).
