3598 5616
361 528 399 588 70
847 542 938 584 csrur
960 543 1002 584 nr.

358 675 617 769 expressisset,
630 674 841 747 fideliorem
856 679 986 747 tamen
1006 675 1176 752 Boccacii
1197 675 1485 750 translationem

358 809 562 884 Laurentio
573 809 741 882 tradidit.

406 945 505 1017 Num
526 965 615 1015 vero
635 942 735 1015 locos
754 943 839 1014 illos
858 943 999 1033 omisit,
1013 943 1075 1016 vel
1094 944 1355 1016 transferendo
1375 943 1486 1016 miti-

356 1079 475 1174 gavit,
497 1077 537 1149 in
565 1077 706 1171 quibus
732 1081 864 1150 auctor
882 1078 1015 1150 acerbe
1035 1081 1150 1170 atque
1170 1078 1361 1150 interdum
1381 1079 1487 1152 inve-

356 1212 520 1286 recunde
549 1210 770 1284 clericorum
800 1232 923 1283 moros
951 1211 1215 1305 descripserat,
1239 1218 1308 1284 aut
1330 1233 1393 1284 eos
1419 1212 1485 1306 qui

356 1345 627 1439 descriptiones
651 1345 700 1416 ab
725 1343 922 1416 honestate
946 1349 1111 1417 remotas
1142 1344 1412 1418 continebant?
1438 1389 1484 1398 —

358 1479 538 1573 Inspectis
572 1478 712 1551 inbutis
738 1501 837 1571 quae
861 1478 1070 1572 plurimum
1097 1480 1275 1552 monachi
1302 1481 1484 1573 pudorem

357 1619 425 1686 aut
445 1613 666 1708 religionem
686 1612 876 1685 offendere
896 1617 1084 1706 poterant,
1108 1613 1213 1685 illam
1236 1614 1343 1686 verbi
1362 1615 1486 1708 gratia

358 1746 424 1820 ubi
438 1747 606 1818 ludaeus
625 1746 821 1818 Abraham
842 1745 1001 1818 Romam
1017 1746 1171 1839 petiisse
1186 1746 1338 1838 dicitur,
1357 1747 1485 1840 ibique

358 1880 498 1954 summi
523 1878 715 1973 pontificis
742 1884 778 1952 et
797 1879 1051 1953 cardinalium
1073 1886 1223 1974 turpem
1248 1881 1370 1953 vitam
1393 1881 1486 1953 ani-

359 2014 646 2103 madvertisse¹,
676 2015 911 2086 inhorruisse
934 2038 952 2083 r<
968 2014 1196 2086 fraticellum
1218 2039 1237 2085 n
1269 2037 1347 2087 non
1371 2009 1486 2088 vide-

359 2172 466 2243 mus;
490 2153 527 2222 et
556 2149 656 2252 quod
683 2149 731 2221 ad
761 2170 883 2222 mores
912 2148 1063 2239 attinet,
1086 2149 1282 2242 impavida
1302 2149 1485 2222 fidelitate

358 2283 460 2377 jocos
475 2283 632 2355 minime
647 2283 826 2354 honestos
845 2283 1091 2355 translatores
1111 2283 1361 2376 interpretati,
1383 2305 1486 2356 nunc

359 2419 675 2512 explanaverunt,
690 2439 792 2491 nunc
811 2418 926 2490 etiam
947 2418 1195 2500 iteraverunt,
1217 2417 1394 2490 timentes
1415 2417 1486 2490 sci-

360 2553 509 2626 licetne
527 2553 614 2647 quis
629 2553 867 2626 dulcedinem
883 2573 1014 2625 eorum
1030 2575 1107 2624 non
1123 2552 1217 2624 satis
1231 2551 1432 2646 gustaret?

410 2687 482 2760 Res
493 2687 610 2782 igitur
624 2692 662 2759 et
675 2689 793 2760 verba
807 2685 1224 2790 tideliterreddiderunt
1234 2688 1347 2759 ambo
1362 2691 1486 2758 trans-

360 2824 510 2895 latores
534 2822 625 2893 Arte
645 2825 772 2894 autem
799 2842 965 2911 caruere,
988 2841 1056 2893 nec
1081 2820 1292 2914 quidquam
1321 2821 1397 2894 iere
1424 2821 1486 2915 ju-

361 2958 520 3047 cundae,
538 2955 746 3050 petulantis
765 2961 802 3028 et
820 2955 989 3049 procacis
1006 2955 1227 3028 festivitatis
1247 2956 1486 3030 retinuerunt

361 3113 438 3183 qua
453 3089 814 3163 Boccaciustantam
827 3090 980 3162 laudem
992 3088 1063 3160 sibi
1077 3089 1235 3182 peperit,
1253 3089 1366 3184 idque
1382 3112 1486 3162 asse-

361 3229 471 3297 cutus
484 3230 541 3297 est
555 3229 598 3296 ut
617 3224 658 3296 in
673 3246 876 3297 numerum
891 3224 1076 3296 librorum
1091 3225 1257 3297 maxime
1273 3225 1486 3318 divulgato

360 3383 446 3432 rum
479 3358 722 3432 Deccmeroo
748 3363 1004 3452 reponeretur.
1029 3359 1103 3431 Sed
1130 3381 1206 3452 quo
1235 3361 1345 3432 modo
1380 3382 1485 3432 secus

361 3494 513 3568 evenire
533 3498 692 3588 poterat,
716 3515 802 3566 cum
825 3493 994 3566 maxima
1021 3493 1221 3587 patientia,
1245 3495 1485 3588 sollertiaque

361 3634 398 3702 et
412 3634 505 3718 arte,
519 3628 686 3700 maximo
701 3628 817 3701 etiarn
839 3627 990 3721 ingenio
1011 3651 1106 3722 opus
1128 3633 1226 3701 esset
1253 3633 1296 3700 ut
1318 3629 1486 3724 integrae

362 3758 608 3836 servarentur
627 3760 751 3856 operis
780 3763 896 3835 semel
922 3767 1037 3856 atque
1066 3763 1203 3835 iterum
1230 3763 1420 3854 translati,
1446 3764 1486 3836 id

361 3903 418 3972 est
436 3897 618 3992 perversi,
637 3895 871 3969 suavitates?

411 4033 541 4105 Artem
570 4036 685 4125 atque
710 4031 906 4125 ingenium
930 4031 1110 4105 deiecisse
1132 4032 1171 4104 in
1193 4035 1486 4107 translatoribus

399 4319 405 4351 ¹
427 4317 589 4378 Decam.‚l
616 4315 643 4370 2.

397 4407 408 4440 ²
426 4407 500 4460 Vide
515 4359 694 4474 praesertim
708 4405 811 4460 titulos
824 4407 993 4462 tabularum
1008 4422 1027 4461 a
1041 4408 1202 4463 Laurentio
1221 4407 1424 4476 amplificatos
1445 4409 1488 4463 ita

362 4496 437 4550 utin
453 4495 498 4550 eis
512 4494 632 4550 fabulae
645 4496 791 4563 cuiusque
806 4497 888 4551 sales
903 4497 1087 4552 referrentur
1099 4497 1136 4566 (v.
1152 4511 1196 4564 gr.
1213 4497 1335 4551 titulum
1351 4499 1488 4553 novellae

363 4587 374 4640 1
389 4585 512 4639 decadis
522 4583 581 4646 Ill).
