3568 5620
372 489 410 546 nt
865 502 956 546 curur
978 504 998 544 1.

371 638 499 712 monio
534 637 809 734 significatum,
847 659 925 710 non
951 658 1102 711 neeesse
1140 643 1198 710 est
1236 639 1493 714 ostendamus.

372 775 480 848 Petet
499 772 747 847 Laurentium
763 772 869 845 nullo
888 772 984 845 libro
1000 773 1039 845 in
1060 795 1136 866 quo
1156 778 1377 846 narraretur
1403 774 1497 848 Boe-

370 907 466 981 eaeii
485 906 567 980 vita
585 928 698 980 usum
719 927 815 996 esse,
847 905 912 978 sed
932 928 979 978 ea
1001 911 1153 978 tentum
1182 906 1376 1000 collegisse
1399 929 1497 1002 quae

371 1043 487 1131 lema,
511 1061 623 1134 saepe
642 1039 777 1129 infida,
800 1039 840 1110 in
869 1038 1031 1112 Galliam
1046 1040 1282 1130 traduxerat,
1304 1039 1438 1134 quinte
1462 1046 1498 1113 et

371 1175 551 1249 vicesimo
567 1195 668 1246 anne
682 1177 885 1267 postquam
905 1172 1051 1246 obierat
1068 1175 1228 1248 Centum
1243 1171 1498 1247 Novellarum

372 1296 517 1383 auctor.

421 1445 525 1532 Quae
540 1446 673 1518 eontra
691 1443 739 1515 de
759 1440 929 1515 Boeoaeii
958 1439 1109 1536 seriptis
1134 1448 1380 1538 exponuntur
1407 1465 1501 1536 pro-

371 1578 480 1675 piora
495 1599 586 1650 vero
605 1581 643 1649 et
673 1575 894 1670 diligentius
913 1576 1109 1668 explorata
1134 1582 1237 1667 sunt,
1260 1576 1440 1671 quamvis
1460 1576 1500 1648 in

372 1709 642 1786 enumerandis
670 1709 846 1803 operibus
873 1709 1059 1782 nonnulla
1070 1715 1372 1804 praetereantur.
1401 1709 1501 1782 Haec

372 1845 538 1941 proferto
557 1843 763 1938 praecipua
790 1865 879 1936 pars
907 1843 1088 1916 earminis
1113 1845 1278 1916 multum
1308 1843 1430 1916 valuit
1458 1848 1501 1916 ut

374 1976 570 2051 Laurentii
579 1977 758 2071 aequales
772 1976 919 2071 aliquid
934 1976 1026 2049 certi
1034 1978 1219 2050 haherent
1236 1978 1282 2050 de
1298 1977 1500 2051 florentino

375 2112 556 2206 seriptere
571 2131 693 2205 nuper
712 2115 874 2183 mortuo.
898 2109 973 2183 Nee
993 2109 1033 2182 in
1048 2111 1224 2184 versibus
1239 2117 1390 2185 tentum
1405 2133 1502 2184 een-

374 2246 519 2319 tinetur
534 2245 741 2337 catalogus,
759 2249 803 2316 ut
821 2245 876 2317 ita
894 2244 1033 2335 diram,
1057 2245 1228 2318 Boeeaeii
1247 2267 1418 2344 operum,
1437 2246 1502 2318 sed

375 2379 491 2454 etiam
512 2379 552 2451 in
571 2378 682 2450 titulo
696 2379 863 2472 quodam
883 2380 996 2472 longo
1010 2400 1124 2474 quem
1147 2379 1186 2451 in
1206 2360 1503 2474 prineipio'ear-

377 2513 492 2586 minis
510 2512 620 2585 latini
641 2511 873 2585 invenimus
897 2512 1007 2585 Hune
1026 2518 1155 2586 autem
1176 2513 1330 2587 titulum
1350 2515 1399 2586 eb
1421 2514 1503 2608 ipse

377 2645 581 2720 Laurentio
601 2646 851 2740 compositum
881 2669 1059 2721 essenon
1084 2647 1303 2722 incredibile
1337 2648 1500 2739 videtur,

377 2786 491 2876 atque
510 2781 593 2853 ideo
614 2802 691 2853 non
719 2779 922 2874 indignum
942 2781 1178 2854 arbitramur
1203 2783 1304 2876 quod
1324 2782 1386 2855 hie
1410 2781 1504 2854 dili-

376 2920 508 3009 genter
527 2913 827 2987 transcribetur:

421 3142 588 3210 Jelrannis
618 3141 774 3209 Boeeaeii
800 3142 841 3210 de
861 3143 1043 3211 Certatum
1072 3144 1159 3212 tusci
1180 3145 1326 3212 oratoris
1351 3144 1502 3225 facundi,

379 3250 435 3339 qui
453 3249 662 3338 Genealogie
681 3247 824 3316 deorum
842 3249 1023 3340 gentilium
1046 3251 1169 3340 prime,
1185 3254 1227 3318 de
1245 3251 1421 3320 Montibus
1448 3252 1504 3319 sil-

378 3357 429 3424 vis
446 3366 479 3424 et
499 3356 700 3423 fluminibus
717 3357 881 3436 seeundo,
904 3357 946 3424 de
973 3357 1116 3424 Casibus
1137 3358 1290 3426 virorum
1321 3367 1354 3426 et
1379 3359 1504 3428 mulie-

378 3487 455 3532 rum
476 3463 660 3531 illustrium
684 3463 845 3543 tertie,de
858 3464 966 3532 Claris
984 3464 1185 3533 mulieribus
1201 3475 1324 3555 quartu
1336 3477 1369 3534 et
1384 3466 1502 3548 latine3

380 3571 420 3638 de
441 3570 643 3638 Constantia
662 3570 840 3640 Griselidis
865 3572 1112 3659 Marehionisse
1135 3572 1348 3642 Salueiarum
1370 3574 1504 3664 quinte,

418 3881 423 3912 ¹
540 3879 573 3932 In
585 3876 714 3932 Veneris
726 3876 817 3930 ludos
832 3877 987 3931 eenuubia
1002 3890 1092 3931 seem
1105 3881 1244 3933 secutus.

416 4002 427 4036 ²
445 4005 563 4060 Nomen
574 4001 645 4070 pagi
658 4001 688 4054 in
699 4014 760 4069 quo
776 4004 867 4055 natus
881 4002 1237 4070 estssoeeaeiuS,n0men
1253 4003 1355 4071 ipsum
1369 4004 1506 4059 Etruriae

382 4093 411 4146 in
427 4093 562 4148 carmine
575 4105 636 4145 nen
646 4090 832 4158 invenimus3
845 4091 926 4144 hune
937 4091 1029 4158 igitur
1040 4091 1160 4145 titulum
1171 4106 1189 4144 a
1199 4092 1315 4147 lectore
1325 4093 1458 4162 quodam
1469 4108 1506 4148 eo

381 4184 450 4237 loeo
473 4183 622 4250 seriptum
644 4193 727 4247 esse,
748 4179 800 4247 qui
813 4193 958 4234 versuum
974 4181 1133 4234 materiam
1147 4184 1265 4234 tantum
1280 4182 1413 4236 breviter
1426 4197 1507 4238 eom-

382 4273 504 4339 pleetus
517 4271 567 4339 sit,
586 4269 713 4324 eredere
729 4283 790 4323 uon
807 4283 988 4336 pessumus.
1004 4271 1187 4324 Laurentius
1206 4275 1309 4325 autem
1329 4272 1419 4326 facile
1439 4273 1513 4327 Ger·

382 4360 456 4414 taidi
469 4374 580 4414 nomen
594 4361 789 4426 cognoverat,
804 4358 886 4426 qued
903 4359 931 4412 in
947 4359 1036 4414 titulo
1051 4360 1197 4413 librorum
1213 4361 1253 4412 De
1266 4359 1386 4414 Casibus
1401 4375 1507 4416 occur·

383 4449 479 4503 rebat.
