<?xml version="1.0" encoding="UTF-8"?>
<!DOCTYPE html PUBLIC "-//W3C//DTD XHTML 1.0 Transitional//EN"
    "http://www.w3.org/TR/xhtml1/DTD/xhtml1-transitional.dtd">
<html xmlns="http://www.w3.org/1999/xhtml" xml:lang="en" lang="en">
 <head>
  <title>
</title>
<meta http-equiv="Content-Type" content="text/html;charset=utf-8" />
  <meta name='ocr-system' content='tesseract 3.04.00' />
  <meta name='ocr-capabilities' content='ocr_page ocr_carea ocr_par ocr_line ocrx_word'/>
</head>
<body>
  <div class='ocr_page' id='page_1' title='image "./delaurentiodepr00hauvgoog_0108.png"; bbox 0 0 3598 5616; ppageno 0'>
   <div class='ocr_carea' id='block_1_1' title="bbox 752 570 1390 631">
    <p class='ocr_par' dir='ltr' id='par_1_1' title="bbox 752 570 1390 631">
     <span class='ocr_line' id='line_1_1' title="bbox 752 570 1390 631; baseline -0.008 0"><span class='ocrx_word' id='word_1_1' title='bbox 752 590 842 631; x_wconf 77' lang='lat' dir='ltr'>meur</span> <span class='ocrx_word' id='word_1_2' title='bbox 864 590 908 629; x_wconf 88' lang='lat' dir='ltr'>ru.</span> <span class='ocrx_word' id='word_1_3' title='bbox 1352 570 1390 627; x_wconf 82' lang='lat'>97</span> 
     </span>
    </p>
   </div>
   <div class='ocr_carea' id='block_1_2' title="bbox 265 721 1394 1504">
    <p class='ocr_par' dir='ltr' id='par_1_2' title="bbox 265 721 1394 1504">
     <span class='ocr_line' id='line_1_2' title="bbox 267 721 1391 823; baseline -0.008 -22"><span class='ocrx_word' id='word_1_4' title='bbox 267 731 478 818; x_wconf 88' lang='lat' dir='ltr'>translatio,</span> <span class='ocrx_word' id='word_1_5' title='bbox 501 750 618 823; x_wconf 92' lang='lat' dir='ltr'>quam</span> <span class='ocrx_word' id='word_1_6' title='bbox 639 728 710 798; x_wconf 90' lang='lat' dir='ltr'>sub</span> <span class='ocrx_word' id='word_1_7' title='bbox 725 723 920 796; x_wconf 88' lang='lat' dir='ltr'>Laurentii</span> <span class='ocrx_word' id='word_1_8' title='bbox 944 723 990 794; x_wconf 91' lang='lat' dir='ltr'>de</span> <span class='ocrx_word' id='word_1_9' title='bbox 1010 722 1217 794; x_wconf 85' lang='lat' dir='ltr'>Primoiato</span> <span class='ocrx_word' id='word_1_10' title='bbox 1237 721 1391 793; x_wconf 93' lang='lat' dir='ltr'>nomine</span> 
     </span>
     <span class='ocr_line' id='line_1_3' title="bbox 265 857 1272 956; baseline -0.008 -23"><span class='ocrx_word' id='word_1_11' title='bbox 265 861 496 956; x_wconf 79' lang='lat' dir='ltr'>typographi</span> <span class='ocrx_word' id='word_1_12' title='bbox 515 859 823 951; x_wconf 75' lang='lat' dir='ltr'>divulgaverant,</span> <span class='ocrx_word' id='word_1_13' title='bbox 842 857 1033 929; x_wconf 90' lang='lat' dir='ltr'>oblivione</span> <span class='ocrx_word' id='word_1_14' title='bbox 1053 857 1190 927; x_wconf 88' lang='lat' dir='ltr'>obruta</span> <span class='ocrx_word' id='word_1_15' title='bbox 1203 859 1272 926; x_wconf 90' lang='lat' dir='ltr'>cst.</span> 
     </span>
     <span class='ocr_line' id='line_1_4' title="bbox 315 977 1389 1086; baseline -0.007 -19"><span class='ocrx_word' id='word_1_16' title='bbox 315 995 513 1068; x_wconf 82' lang='lat' dir='ltr'>Neminem</span> <span class='ocrx_word' id='word_1_17' title='bbox 546 992 662 1086; x_wconf 88' lang='lat' dir='ltr'>igitur</span> <span class='ocrx_word' id='word_1_18' title='bbox 686 996 837 1085; x_wconf 90' lang='lat' dir='ltr'>praeter</span> <span class='ocrx_word' id='word_1_19' title='bbox 855 989 1104 1061; x_wconf 79' lang='lat' dir='ltr'>Laurentium</span> <span class='ocrx_word' id='word_1_20' title='bbox 1133 977 1306 1060; x_wconf 90' lang='lat' dir='ltr'>nostrum</span> <span class='ocrx_word' id='word_1_21' title='bbox 1337 1010 1389 1078; x_wconf 93' lang='lat' dir='ltr'>se,</span> 
     </span>
     <span class='ocr_line' id='line_1_5' title="bbox 266 1119 1392 1216; baseline -0.009 -15"><span class='ocrx_word' id='word_1_22' title='bbox 266 1135 354 1202; x_wconf 87' lang='lat' dir='ltr'>ante</span> <span class='ocrx_word' id='word_1_23' title='bbox 363 1127 574 1199; x_wconf 84' lang='lat' dir='ltr'>Antonium</span> <span class='ocrx_word' id='word_1_24' title='bbox 583 1126 633 1197; x_wconf 90' lang='lat' dir='ltr'>Le</span> <span class='ocrx_word' id='word_1_25' title='bbox 644 1126 791 1212; x_wconf 74' lang='lat' dir='ltr'>Macen,</span> <span class='ocrx_word' id='word_1_26' title='bbox 800 1122 933 1216; x_wconf 89' lang='lat' dir='ltr'>gallice</span> <span class='ocrx_word' id='word_1_27' title='bbox 942 1121 1214 1195; x_wconf 76' lang='lat' dir='ltr'>transferendis</span> <span class='ocrx_word' id='word_1_28' title='bbox 1229 1119 1392 1192; x_wconf 84' lang='lat' dir='ltr'>Ccclcm</span> 
     </span>
     <span class='ocr_line' id='line_1_6' title="bbox 267 1253 1394 1349; baseline -0.012 -12"><span class='ocrx_word' id='word_1_29' title='bbox 267 1259 444 1337; x_wconf 81' lang='lat' dir='ltr'>Novellis</span> <span class='ocrx_word' id='word_1_30' title='bbox 462 1259 673 1332; x_wconf 77' lang='lat' dir='ltr'>accinxisse</span> <span class='ocrx_word' id='word_1_31' title='bbox 692 1258 938 1345; x_wconf 83' lang='lat' dir='ltr'>arbitramur,</span> <span class='ocrx_word' id='word_1_32' title='bbox 962 1256 1033 1328; x_wconf 90' lang='lat' dir='ltr'>etsi</span> <span class='ocrx_word' id='word_1_33' title='bbox 1052 1255 1113 1326; x_wconf 94' lang='lat' dir='ltr'>vir</span> <span class='ocrx_word' id='word_1_34' title='bbox 1131 1254 1288 1349; x_wconf 90' lang='lat' dir='ltr'>quidam</span> <span class='ocrx_word' id='word_1_35' title='bbox 1308 1253 1394 1325; x_wconf 91' lang='lat' dir='ltr'>doc-</span> 
     </span>
     <span class='ocr_line' id='line_1_7' title="bbox 269 1389 1393 1504; baseline -0.008 -37"><span class='ocrx_word' id='word_1_36' title='bbox 269 1396 439 1468; x_wconf 87' lang='lat' dir='ltr'>tissimus</span> <span class='ocrx_word' id='word_1_37' title='bbox 459 1415 539 1465; x_wconf 92' lang='lat' dir='ltr'>rem</span> <span class='ocrx_word' id='word_1_38' title='bbox 563 1392 674 1464; x_wconf 88' lang='lat' dir='ltr'>aliter</span> <span class='ocrx_word' id='word_1_39' title='bbox 698 1412 778 1462; x_wconf 89' lang='lat' dir='ltr'>sese</span> <span class='ocrx_word' id='word_1_40' title='bbox 798 1390 978 1504; x_wconf 80' lang='lat' dir='ltr'>habuisse</span> <span class='ocrx_word' id='word_1_41' title='bbox 1007 1389 1296 1461; x_wconf 79' lang='lat' dir='ltr'>confirmavit¹:</span> <span class='ocrx_word' id='word_1_42' title='bbox 1327 1389 1393 1481; x_wconf 92' lang='lat' dir='ltr'>qui</span> 
     </span>
    </p>
   </div>
   <div class='ocr_carea' id='block_1_3' title="bbox 225 1523 1403 2816">
    <p class='ocr_par' dir='ltr' id='par_1_3' title="bbox 225 1523 1403 2816">
     <span class='ocr_line' id='line_1_8' title="bbox 269 1523 1394 1615; baseline -0.006 -14"><span class='ocrx_word' id='word_1_43' title='bbox 269 1552 355 1601; x_wconf 91' lang='lat' dir='ltr'>cum</span> <span class='ocrx_word' id='word_1_44' title='bbox 377 1530 416 1599; x_wconf 92' lang='lat' dir='ltr'>in</span> <span class='ocrx_word' id='word_1_45' title='bbox 431 1528 582 1598; x_wconf 88' lang='lat' dir='ltr'>duabus</span> <span class='ocrx_word' id='word_1_46' title='bbox 600 1523 838 1596; x_wconf 90' lang='lat' dir='ltr'>novellarum</span> <span class='ocrx_word' id='word_1_47' title='bbox 855 1523 1064 1615; x_wconf 86' lang='lat' dir='ltr'>eclogis,·in</span> <span class='ocrx_word' id='word_1_48' title='bbox 1083 1523 1219 1612; x_wconf 87' lang='lat' dir='ltr'>Gallia,</span> <span class='ocrx_word' id='word_1_49' title='bbox 1239 1523 1394 1594; x_wconf 88' lang='lat' dir='ltr'>ineunte</span> 
     </span>
     <span class='ocr_line' id='line_1_9' title="bbox 270 1655 1396 1752; baseline -0.006 -16"><span class='ocrx_word' id='word_1_50' title='bbox 270 1664 395 1736; x_wconf 92' lang='lat' dir='ltr'>seculo</span> <span class='ocrx_word' id='word_1_51' title='bbox 429 1661 528 1749; x_wconf 77' lang='lat' dir='ltr'>xvi,</span> <span class='ocrx_word' id='word_1_52' title='bbox 559 1657 809 1752; x_wconf 42' lang='lat' dir='ltr'>compilatis&amp;</span> <span class='ocrx_word' id='word_1_53' title='bbox 840 1657 1082 1750; x_wconf 81' lang='lat' dir='ltr'>septuaginta</span> <span class='ocrx_word' id='word_1_54' title='bbox 1108 1656 1257 1728; x_wconf 85' lang='lat' dir='ltr'>tabulas</span> <span class='ocrx_word' id='word_1_55' title='bbox 1287 1655 1396 1729; x_wconf 89' lang='lat' dir='ltr'>inve-</span> 
     </span>
     <span class='ocr_line' id='line_1_10' title="bbox 270 1789 1394 1889; baseline -0.008 -20"><span class='ocrx_word' id='word_1_56' title='bbox 270 1798 390 1869; x_wconf 88' lang='lat' dir='ltr'>nisset</span> <span class='ocrx_word' id='word_1_57' title='bbox 407 1817 505 1889; x_wconf 89' lang='lat' dir='ltr'>quae</span> <span class='ocrx_word' id='word_1_58' title='bbox 520 1816 544 1865; x_wconf 91' lang='lat' dir='ltr'>a</span> <span class='ocrx_word' id='word_1_59' title='bbox 558 1791 728 1864; x_wconf 88' lang='lat' dir='ltr'>Boccacii</span> <span class='ocrx_word' id='word_1_60' title='bbox 745 1791 841 1862; x_wconf 89' lang='lat' dir='ltr'>libro</span> <span class='ocrx_word' id='word_1_61' title='bbox 862 1789 1063 1861; x_wconf 86' lang='lat' dir='ltr'>manifesto</span> <span class='ocrx_word' id='word_1_62' title='bbox 1080 1795 1253 1882; x_wconf 88' lang='lat' dir='ltr'>sumptae</span> <span class='ocrx_word' id='word_1_63' title='bbox 1273 1795 1394 1878; x_wconf 87' lang='lat' dir='ltr'>erant,</span> 
     </span>
     <span class='ocr_line' id='line_1_11' title="bbox 272 1923 1399 2017; baseline -0.006 -15"><span class='ocrx_word' id='word_1_64' title='bbox 272 1931 336 2002; x_wconf 91' lang='lat' dir='ltr'>sed</span> <span class='ocrx_word' id='word_1_65' title='bbox 362 1951 432 2000; x_wconf 91' lang='lat' dir='ltr'>nec</span> <span class='ocrx_word' id='word_1_66' title='bbox 451 1926 647 2000; x_wconf 87' lang='lat' dir='ltr'>Laurentii</span> <span class='ocrx_word' id='word_1_67' title='bbox 673 1946 796 2017; x_wconf 87' lang='lat' dir='ltr'>neque</span> <span class='ocrx_word' id='word_1_68' title='bbox 817 1923 974 1994; x_wconf 83' lang='lat' dir='ltr'>Antonii</span> <span class='ocrx_word' id='word_1_69' title='bbox 998 1923 1047 1994; x_wconf 92' lang='lat' dir='ltr'>Le</span> <span class='ocrx_word' id='word_1_70' title='bbox 1076 1923 1208 2011; x_wconf 76' lang='lat' dir='ltr'>Macen</span> <span class='ocrx_word' id='word_1_71' title='bbox 1236 1923 1399 1995; x_wconf 88' lang='lat' dir='ltr'>transla-</span> 
     </span>
     <span class='ocr_line' id='line_1_12' title="bbox 272 2056 1398 2149; baseline -0.009 -14"><span class='ocrx_word' id='word_1_72' title='bbox 272 2065 414 2135; x_wconf 86' lang='lat' dir='ltr'>tionem</span> <span class='ocrx_word' id='word_1_73' title='bbox 435 2061 616 2148; x_wconf 88' lang='lat' dir='ltr'>reterunt,</span> <span class='ocrx_word' id='word_1_74' title='bbox 628 2079 671 2130; x_wconf 90' lang='lat' dir='ltr'>eo</span> <span class='ocrx_word' id='word_1_75' title='bbox 687 2058 763 2128; x_wconf 88' lang='lat' dir='ltr'>lere</span> <span class='ocrx_word' id='word_1_76' title='bbox 777 2056 889 2128; x_wconf 91' lang='lat' dir='ltr'>modo</span> <span class='ocrx_word' id='word_1_77' title='bbox 903 2061 1194 2149; x_wconf 85' lang='lat' dir='ltr'>argumentatus</span> <span class='ocrx_word' id='word_1_78' title='bbox 1214 2061 1270 2126; x_wconf 87' lang='lat' dir='ltr'>est</span> <span class='ocrx_word' id='word_1_79' title='bbox 1288 2079 1295 2127; x_wconf 94' lang='lat'>:</span> <span class='ocrx_word' id='word_1_80' title='bbox 1311 2077 1398 2126; x_wconf 94' lang='lat' dir='ltr'>cum</span> 
     </span>
     <span class='ocr_line' id='line_1_13' title="bbox 225 2189 1400 2283; baseline -0.009 -13"><span class='ocrx_word' id='word_1_81' title='bbox 225 2207 228 2212; x_wconf 86' lang='lat'>&#39;</span> <span class='ocrx_word' id='word_1_82' title='bbox 272 2201 411 2269; x_wconf 87' lang='lat' dir='ltr'>harum</span> <span class='ocrx_word' id='word_1_83' title='bbox 434 2193 653 2266; x_wconf 87' lang='lat' dir='ltr'>fabularum</span> <span class='ocrx_word' id='word_1_84' title='bbox 672 2190 950 2283; x_wconf 81' lang='lat' dir='ltr'>compilatores,</span> <span class='ocrx_word' id='word_1_85' title='bbox 980 2189 1154 2260; x_wconf 88' lang='lat' dir='ltr'>homines</span> <span class='ocrx_word' id='word_1_86' title='bbox 1174 2189 1316 2261; x_wconf 89' lang='lat' dir='ltr'>scilicet</span> <span class='ocrx_word' id='word_1_87' title='bbox 1334 2212 1400 2260; x_wconf 89' lang='lat' dir='ltr'>ru-</span> 
     </span>
     <span class='ocr_line' id='line_1_14' title="bbox 274 2323 1399 2418; baseline -0.007 -16"><span class='ocrx_word' id='word_1_88' title='bbox 274 2330 340 2402; x_wconf 90' lang='lat' dir='ltr'>des</span> <span class='ocrx_word' id='word_1_89' title='bbox 366 2334 404 2400; x_wconf 91' lang='lat' dir='ltr'>et</span> <span class='ocrx_word' id='word_1_90' title='bbox 425 2326 572 2415; x_wconf 89' lang='lat' dir='ltr'>inculti,</span> <span class='ocrx_word' id='word_1_91' title='bbox 601 2347 668 2418; x_wconf 93' lang='lat' dir='ltr'>per</span> <span class='ocrx_word' id='word_1_92' title='bbox 701 2345 739 2395; x_wconf 89' lang='lat' dir='ltr'>se</span> <span class='ocrx_word' id='word_1_93' title='bbox 776 2323 877 2417; x_wconf 90' lang='lat' dir='ltr'>ipsos</span> <span class='ocrx_word' id='word_1_94' title='bbox 906 2323 1076 2395; x_wconf 90' lang='lat' dir='ltr'>Boccaoii</span> <span class='ocrx_word' id='word_1_95' title='bbox 1098 2344 1192 2416; x_wconf 90' lang='lat' dir='ltr'>opus</span> <span class='ocrx_word' id='word_1_96' title='bbox 1225 2323 1399 2395; x_wconf 90' lang='lat' dir='ltr'>evolvere</span> 
     </span>
     <span class='ocr_line' id='line_1_15' title="bbox 275 2455 1399 2551; baseline -0.005 -17"><span class='ocrx_word' id='word_1_97' title='bbox 275 2485 351 2534; x_wconf 93' lang='lat' dir='ltr'>non</span> <span class='ocrx_word' id='word_1_98' title='bbox 376 2461 559 2548; x_wconf 90' lang='lat' dir='ltr'>valerent,</span> <span class='ocrx_word' id='word_1_99' title='bbox 591 2457 668 2531; x_wconf 89' lang='lat' dir='ltr'>alia</span> <span class='ocrx_word' id='word_1_100' title='bbox 696 2456 863 2551; x_wconf 88' lang='lat' dir='ltr'>quadam</span> <span class='ocrx_word' id='word_1_101' title='bbox 900 2458 964 2528; x_wconf 87' lang='lat' dir='ltr'>sed</span> <span class='ocrx_word' id='word_1_102' title='bbox 993 2455 1125 2529; x_wconf 90' lang='lat' dir='ltr'>eadem</span> <span class='ocrx_word' id='word_1_103' title='bbox 1150 2457 1399 2528; x_wconf 90' lang='lat' dir='ltr'>translatione</span> 
     </span>
     <span class='ocr_line' id='line_1_16' title="bbox 276 2589 1403 2683; baseline -0.007 -15"><span class='ocrx_word' id='word_1_104' title='bbox 276 2597 388 2668; x_wconf 88' lang='lat' dir='ltr'>ambo</span> <span class='ocrx_word' id='word_1_105' title='bbox 407 2595 467 2665; x_wconf 92' lang='lat' dir='ltr'>usi</span> <span class='ocrx_word' id='word_1_106' title='bbox 489 2597 579 2664; x_wconf 88' lang='lat' dir='ltr'>sunt</span> <span class='ocrx_word' id='word_1_107' title='bbox 592 2597 618 2680; x_wconf 84' lang='lat'>³,</span> <span class='ocrx_word' id='word_1_108' title='bbox 647 2590 765 2678; x_wconf 81' lang='lat' dir='ltr'>fideti,</span> <span class='ocrx_word' id='word_1_109' title='bbox 793 2589 968 2682; x_wconf 85' lang='lat' dir='ltr'>eleganti,</span> <span class='ocrx_word' id='word_1_110' title='bbox 988 2590 1098 2683; x_wconf 84' lang='lat' dir='ltr'>cujus</span> <span class='ocrx_word' id='word_1_111' title='bbox 1125 2589 1166 2659; x_wconf 94' lang='lat' dir='ltr'>in</span> <span class='ocrx_word' id='word_1_112' title='bbox 1182 2589 1268 2660; x_wconf 88' lang='lat' dir='ltr'>stilo</span> <span class='ocrx_word' id='word_1_113' title='bbox 1290 2611 1403 2682; x_wconf 88' lang='lat' dir='ltr'>sapor</span> 
     </span>
     <span class='ocr_line' id='line_1_17' title="bbox 276 2722 1400 2816; baseline -0.004 -16"><span class='ocrx_word' id='word_1_114' title='bbox 276 2729 427 2802; x_wconf 88' lang='lat' dir='ltr'>italicus</span> <span class='ocrx_word' id='word_1_115' title='bbox 456 2728 615 2816; x_wconf 72' lang='lat' dir='ltr'>ineratt,</span> <span class='ocrx_word' id='word_1_116' title='bbox 648 2745 749 2796; x_wconf 90' lang='lat' dir='ltr'>nunc</span> <span class='ocrx_word' id='word_1_117' title='bbox 778 2724 909 2816; x_wconf 91' lang='lat' dir='ltr'>ignota</span> <span class='ocrx_word' id='word_1_118' title='bbox 935 2724 1101 2795; x_wconf 87' lang='lat' dir='ltr'>sednon</span> <span class='ocrx_word' id='word_1_119' title='bbox 1131 2727 1211 2794; x_wconf 88' lang='lat' dir='ltr'>tota</span> <span class='ocrx_word' id='word_1_120' title='bbox 1244 2722 1400 2812; x_wconf 87' lang='lat' dir='ltr'>ami-ssa,</span> 
     </span>
    </p>
   </div>
   <div class='ocr_carea' id='block_1_4' title="bbox 277 2937 1416 4697">
    <p class='ocr_par' dir='ltr' id='par_1_4' title="bbox 277 2937 1407 3631">
     <span class='ocr_line' id='line_1_18' title="bbox 313 2937 1404 3009; baseline 0.001 -18"><span class='ocrx_word' id='word_1_121' title='bbox 313 2945 319 2974; x_wconf 86' lang='lat'><strong>¹</strong></span> <span class='ocrx_word' id='word_1_122' title='bbox 343 2958 356 2992; x_wconf 75' lang='lat' dir='ltr'>a</span> <span class='ocrx_word' id='word_1_123' title='bbox 378 2942 414 2996; x_wconf 89' lang='lat' dir='ltr'>Se</span> <span class='ocrx_word' id='word_1_124' title='bbox 428 2939 533 3009; x_wconf 90' lang='lat' dir='ltr'>peut-it</span> <span class='ocrx_word' id='word_1_125' title='bbox 546 2939 635 3006; x_wconf 87' lang='lat' dir='ltr'>qu&#39;au</span> <span class='ocrx_word' id='word_1_126' title='bbox 652 2947 720 2992; x_wconf 72' lang='lat' dir='ltr'>nvn</span> <span class='ocrx_word' id='word_1_127' title='bbox 736 2938 840 3006; x_wconf 81' lang='lat' dir='ltr'>siecle,</span> <span class='ocrx_word' id='word_1_128' title='bbox 855 2940 874 2990; x_wconf 78' lang='lat' dir='ltr'>a</span> <span class='ocrx_word' id='word_1_129' title='bbox 899 2942 979 2991; x_wconf 89' lang='lat' dir='ltr'>cette</span> <span class='ocrx_word' id='word_1_130' title='bbox 994 2939 1112 3005; x_wconf 82' lang='lat' dir='ltr'>epoque</span> <span class='ocrx_word' id='word_1_131' title='bbox 1125 2939 1164 2991; x_wconf 87' lang='lat' dir='ltr'>ou</span> <span class='ocrx_word' id='word_1_132' title='bbox 1178 2937 1206 2991; x_wconf 86' lang='lat' dir='ltr'>ta</span> <span class='ocrx_word' id='word_1_133' title='bbox 1236 2937 1404 2993; x_wconf 81' lang='lat' dir='ltr'>litterature</span> 
     </span>
     <span class='ocr_line' id='line_1_19' title="bbox 277 3027 1406 3095; baseline -0.003 -12"><span class='ocrx_word' id='word_1_134' title='bbox 277 3032 421 3086; x_wconf 87' lang='lat' dir='ltr'>italienne</span> <span class='ocrx_word' id='word_1_135' title='bbox 436 3029 609 3083; x_wconf 86' lang='lat' dir='ltr'>e&#39;taittenue</span> <span class='ocrx_word' id='word_1_136' title='bbox 623 3042 661 3082; x_wconf 90' lang='lat' dir='ltr'>en</span> <span class='ocrx_word' id='word_1_137' title='bbox 676 3028 702 3082; x_wconf 93' lang='lat' dir='ltr'>si</span> <span class='ocrx_word' id='word_1_138' title='bbox 720 3028 816 3095; x_wconf 79' lang='lat' dir='ltr'>grand</span> <span class='ocrx_word' id='word_1_139' title='bbox 827 3027 974 3094; x_wconf 89' lang='lat' dir='ltr'>honneur,</span> <span class='ocrx_word' id='word_1_140' title='bbox 992 3027 1072 3080; x_wconf 86' lang='lat' dir='ltr'>deux</span> <span class='ocrx_word' id='word_1_141' title='bbox 1097 3030 1221 3080; x_wconf 85' lang='lat' dir='ltr'>auteurs</span> <span class='ocrx_word' id='word_1_142' title='bbox 1235 3027 1406 3082; x_wconf 84' lang='lat' dir='ltr'>seulement</span> 
     </span>
     <span class='ocr_line' id='line_1_20' title="bbox 278 3115 1406 3187; baseline -0.004 -13"><span class='ocrx_word' id='word_1_143' title='bbox 278 3122 360 3175; x_wconf 86' lang='lat' dir='ltr'>aient</span> <span class='ocrx_word' id='word_1_144' title='bbox 372 3120 481 3187; x_wconf 83' lang='lat' dir='ltr'>essave</span> <span class='ocrx_word' id='word_1_145' title='bbox 496 3119 534 3172; x_wconf 91' lang='lat' dir='ltr'>de</span> <span class='ocrx_word' id='word_1_146' title='bbox 547 3117 621 3171; x_wconf 86' lang='lat' dir='ltr'>taire</span> <span class='ocrx_word' id='word_1_147' title='bbox 636 3130 744 3186; x_wconf 86' lang='lat' dir='ltr'>passer</span> <span class='ocrx_word' id='word_1_148' title='bbox 757 3116 834 3170; x_wconf 81' lang='lat' dir='ltr'>dans</span> <span class='ocrx_word' id='word_1_149' title='bbox 848 3121 934 3170; x_wconf 85' lang='lat' dir='ltr'>notre</span> <span class='ocrx_word' id='word_1_150' title='bbox 950 3116 1060 3182; x_wconf 84' lang='lat' dir='ltr'>tangue</span> <span class='ocrx_word' id='word_1_151' title='bbox 1086 3115 1113 3169; x_wconf 95' lang='lat' dir='ltr'>le</span> <span class='ocrx_word' id='word_1_152' title='bbox 1133 3115 1349 3170; x_wconf 84' lang='lat' dir='ltr'>chet-d’oeuvre</span> <span class='ocrx_word' id='word_1_153' title='bbox 1368 3117 1406 3170; x_wconf 91' lang='lat' dir='ltr'>de</span> 
     </span>
     <span class='ocr_line' id='line_1_21' title="bbox 279 3203 1406 3274; baseline -0.002 -12"><span class='ocrx_word' id='word_1_154' title='bbox 279 3209 435 3264; x_wconf 84' lang='lat' dir='ltr'>Boccaoe‘?</span> <span class='ocrx_word' id='word_1_155' title='bbox 455 3207 500 3262; x_wconf 89' lang='lat' dir='ltr'>On</span> <span class='ocrx_word' id='word_1_156' title='bbox 516 3206 644 3260; x_wconf 87' lang='lat' dir='ltr'>n‘aurait</span> <span class='ocrx_word' id='word_1_157' title='bbox 665 3220 784 3259; x_wconf 87' lang='lat' dir='ltr'>aucune</span> <span class='ocrx_word' id='word_1_158' title='bbox 800 3219 912 3273; x_wconf 90' lang='lat' dir='ltr'>preuve</span> <span class='ocrx_word' id='word_1_159' title='bbox 933 3203 973 3257; x_wconf 91' lang='lat' dir='ltr'>du</span> <span class='ocrx_word' id='word_1_160' title='bbox 1002 3205 1153 3259; x_wconf 81' lang='lat' dir='ltr'>contraire</span> <span class='ocrx_word' id='word_1_161' title='bbox 1177 3220 1236 3274; x_wconf 90' lang='lat' dir='ltr'>que</span> <span class='ocrx_word' id='word_1_162' title='bbox 1260 3206 1291 3259; x_wconf 88' lang='lat' dir='ltr'>la</span> <span class='ocrx_word' id='word_1_163' title='bbox 1312 3204 1406 3260; x_wconf 90' lang='lat' dir='ltr'>chose</span> 
     </span>
     <span class='ocr_line' id='line_1_22' title="bbox 279 3293 1407 3365; baseline -0.004 -12"><span class='ocrx_word' id='word_1_164' title='bbox 279 3299 374 3353; x_wconf 87' lang='lat' dir='ltr'>serait</span> <span class='ocrx_word' id='word_1_165' title='bbox 385 3298 454 3365; x_wconf 75' lang='lat' dir='ltr'>dett</span> <span class='ocrx_word' id='word_1_166' title='bbox 468 3310 526 3365; x_wconf 91' lang='lat' dir='ltr'>peu</span> <span class='ocrx_word' id='word_1_167' title='bbox 537 3295 678 3364; x_wconf 88' lang='lat' dir='ltr'>croyabte</span> <span class='ocrx_word' id='word_1_168' title='bbox 689 3309 726 3348; x_wconf 92' lang='lat' dir='ltr'>en</span> <span class='ocrx_word' id='word_1_169' title='bbox 743 3295 807 3362; x_wconf 93' lang='lat' dir='ltr'>soi;</span> <span class='ocrx_word' id='word_1_170' title='bbox 825 3293 903 3348; x_wconf 88' lang='lat' dir='ltr'>mais</span> <span class='ocrx_word' id='word_1_171' title='bbox 916 3294 936 3347; x_wconf 94' lang='lat' dir='ltr'>it</span> <span class='ocrx_word' id='word_1_172' title='bbox 946 3299 995 3348; x_wconf 91' lang='lat' dir='ltr'>est</span> <span class='ocrx_word' id='word_1_173' title='bbox 1009 3293 1098 3348; x_wconf 84' lang='lat' dir='ltr'>tacite</span> <span class='ocrx_word' id='word_1_174' title='bbox 1110 3295 1148 3348; x_wconf 91' lang='lat' dir='ltr'>de</span> <span class='ocrx_word' id='word_1_175' title='bbox 1161 3293 1335 3350; x_wconf 81' lang='lat' dir='ltr'>demontrer</span> <span class='ocrx_word' id='word_1_176' title='bbox 1347 3309 1407 3364; x_wconf 94' lang='lat' dir='ltr'>que</span> 
     </span>
     <span class='ocr_line' id='line_1_23' title="bbox 280 3383 1405 3457; baseline -0.004 -14"><span class='ocrx_word' id='word_1_177' title='bbox 280 3390 349 3457; x_wconf 91' lang='lat' dir='ltr'>ptus</span> <span class='ocrx_word' id='word_1_178' title='bbox 363 3388 453 3442; x_wconf 89' lang='lat' dir='ltr'>d&#39;une</span> <span class='ocrx_word' id='word_1_179' title='bbox 477 3385 622 3440; x_wconf 80' lang='lat' dir='ltr'>tentative</span> <span class='ocrx_word' id='word_1_180' title='bbox 637 3385 724 3438; x_wconf 89' lang='lat' dir='ltr'>dece</span> <span class='ocrx_word' id='word_1_181' title='bbox 741 3397 834 3452; x_wconf 82' lang='lat' dir='ltr'>genre</span> <span class='ocrx_word' id='word_1_182' title='bbox 858 3384 903 3437; x_wconf 89' lang='grc'>161</span> <span class='ocrx_word' id='word_1_183' title='bbox 925 3383 998 3437; x_wconf 84' lang='lat' dir='ltr'>saite</span> <span class='ocrx_word' id='word_1_184' title='bbox 1019 3383 1152 3438; x_wconf 86' lang='lat' dir='ltr'>alors...</span> <span class='ocrx_word' id='word_1_185' title='bbox 1173 3403 1185 3435; x_wconf 78' lang='grc'>6</span> <span class='ocrx_word' id='word_1_186' title='bbox 1210 3384 1251 3450; x_wconf 82' lang='lat' dir='ltr'>(a.</span> <span class='ocrx_word' id='word_1_187' title='bbox 1273 3385 1405 3451; x_wconf 87' lang='lat' dir='ltr'>Mabitle,</span> 
     </span>
     <span class='ocr_line' id='line_1_24' title="bbox 280 3471 1407 3546; baseline -0.004 -15"><span class='ocrx_word' id='word_1_188' title='bbox 280 3479 310 3530; x_wconf 93' lang='lat' dir='ltr'>in</span> <span class='ocrx_word' id='word_1_189' title='bbox 327 3475 481 3546; x_wconf 89' lang='lat' dir='ltr'>prooemio</span> <span class='ocrx_word' id='word_1_190' title='bbox 496 3474 563 3528; x_wconf 88' lang='lat' dir='ltr'>libri</span> <span class='ocrx_word' id='word_1_191' title='bbox 577 3475 625 3527; x_wconf 89' lang='lat' dir='ltr'>cui</span> <span class='ocrx_word' id='word_1_192' title='bbox 648 3473 755 3526; x_wconf 90' lang='lat' dir='ltr'>titulus</span> <span class='ocrx_word' id='word_1_193' title='bbox 774 3471 940 3540; x_wconf 79' lang='lat' dir='ltr'>Pcrcnpott</span> <span class='ocrx_word' id='word_1_194' title='bbox 959 3472 1009 3525; x_wconf 85' lang='lat' dir='ltr'>des</span> <span class='ocrx_word' id='word_1_195' title='bbox 1031 3472 1181 3525; x_wconf 82' lang='lat' dir='ltr'>nouvelles</span> <span class='ocrx_word' id='word_1_196' title='bbox 1202 3473 1357 3526; x_wconf 71' lang='lat' dir='ltr'>connectes</span> <span class='ocrx_word' id='word_1_197' title='bbox 1379 3479 1407 3526; x_wconf 88' lang='lat' dir='ltr'>et</span> 
     </span>
     <span class='ocr_line' id='line_1_25' title="bbox 281 3562 769 3631; baseline -0.008 -12"><span class='ocrx_word' id='word_1_198' title='bbox 281 3563 475 3631; x_wconf 73' lang='lat' dir='ltr'>detectable83</span> <span class='ocrx_word' id='word_1_199' title='bbox 493 3563 562 3617; x_wconf 88' lang='lat' dir='ltr'>vide</span> <span class='ocrx_word' id='word_1_200' title='bbox 577 3562 681 3616; x_wconf 84' lang='lat' dir='ltr'>adnot.</span> <span class='ocrx_word' id='word_1_201' title='bbox 693 3566 769 3630; x_wconf 81' lang='lat' dir='ltr'>seq.)</span> 
     </span>
    </p>

    <p class='ocr_par' dir='ltr' id='par_1_5' title="bbox 282 3648 1413 4436">
     <span class='ocr_line' id='line_1_26' title="bbox 316 3648 1408 3719; baseline -0.004 -11"><span class='ocrx_word' id='word_1_202' title='bbox 316 3653 328 3686; x_wconf 85' lang='lat'><strong>²</strong></span> <span class='ocrx_word' id='word_1_203' title='bbox 346 3654 467 3708; x_wconf 86' lang='lat' dir='ltr'>Nicolas</span> <span class='ocrx_word' id='word_1_204' title='bbox 481 3653 519 3706; x_wconf 88' lang='lat' dir='ltr'>de</span> <span class='ocrx_word' id='word_1_205' title='bbox 534 3653 657 3719; x_wconf 85' lang='lat' dir='ltr'>Troyes,</span> <span class='ocrx_word' id='word_1_206' title='bbox 674 3650 700 3702; x_wconf 93' lang='lat' dir='ltr'>le</span> <span class='ocrx_word' id='word_1_207' title='bbox 720 3650 820 3717; x_wconf 74' lang='lat' dir='ltr'>grand</span> <span class='ocrx_word' id='word_1_208' title='bbox 838 3649 1000 3718; x_wconf 75' lang='lat' dir='ltr'>Paranpon</span> <span class='ocrx_word' id='word_1_209' title='bbox 1016 3648 1233 3704; x_wconf 79' lang='lat' dir='ltr'>desNouvellec</span> <span class='ocrx_word' id='word_1_210' title='bbox 1252 3649 1408 3704; x_wconf 82' lang='lat' dir='ltr'>Nouoetles</span> 
     </span>
     <span class='ocr_line' id='line_1_27' title="bbox 283 3738 1409 3812; baseline -0.002 -16"><span class='ocrx_word' id='word_1_211' title='bbox 283 3741 386 3812; x_wconf 86' lang='grc'>(1536),</span> <span class='ocrx_word' id='word_1_212' title='bbox 402 3741 552 3796; x_wconf 89' lang='lat' dir='ltr'>inoodiee</span> <span class='ocrx_word' id='word_1_213' title='bbox 577 3740 612 3794; x_wconf 85' lang='lat' dir='ltr'>tr.</span> <span class='ocrx_word' id='word_1_214' title='bbox 630 3738 712 3802; x_wconf 87' lang='grc'>1510,</span> <span class='ocrx_word' id='word_1_215' title='bbox 729 3739 809 3792; x_wconf 83' lang='grc'>6666</span> <span class='ocrx_word' id='word_1_216' title='bbox 833 3739 864 3793; x_wconf 87' lang='grc' dir='ltr'>Ε.</span> <span class='ocrx_word' id='word_1_217' title='bbox 888 3739 1010 3793; x_wconf 89' lang='lat' dir='ltr'>Mabitte</span> <span class='ocrx_word' id='word_1_218' title='bbox 1028 3739 1177 3808; x_wconf 87' lang='lat' dir='ltr'>prompsit</span> <span class='ocrx_word' id='word_1_219' title='bbox 1195 3745 1227 3794; x_wconf 93' lang='grc'>61</span> <span class='ocrx_word' id='word_1_220' title='bbox 1248 3739 1295 3794; x_wconf 86' lang='lat' dir='ltr'>bis</span> <span class='ocrx_word' id='word_1_221' title='bbox 1314 3741 1409 3796; x_wconf 87' lang='lat' dir='ltr'>edidit</span> 
     </span>
     <span class='ocr_line' id='line_1_28' title="bbox 282 3829 1408 3896; baseline -0.001 -11"><span class='ocrx_word' id='word_1_222' title='bbox 282 3830 364 3892; x_wconf 78' lang='grc'>11866</span> <span class='ocrx_word' id='word_1_223' title='bbox 378 3837 410 3885; x_wconf 88' lang='grc'>61</span> <span class='ocrx_word' id='word_1_224' title='bbox 424 3829 505 3892; x_wconf 87' lang='grc'>1869)</span> <span class='ocrx_word' id='word_1_225' title='bbox 520 3844 574 3884; x_wconf 89' lang='lat' dir='ltr'>eas</span> <span class='ocrx_word' id='word_1_226' title='bbox 600 3829 736 3883; x_wconf 87' lang='lat' dir='ltr'>novellas</span> <span class='ocrx_word' id='word_1_227' title='bbox 752 3842 831 3896; x_wconf 86' lang='lat' dir='ltr'>quae</span> <span class='ocrx_word' id='word_1_228' title='bbox 856 3829 886 3880; x_wconf 93' lang='lat' dir='ltr'>in</span> <span class='ocrx_word' id='word_1_229' title='bbox 913 3829 982 3882; x_wconf 87' lang='lat' dir='ltr'>aliis</span> <span class='ocrx_word' id='word_1_230' title='bbox 1005 3829 1190 3883; x_wconf 87' lang='lat' dir='ltr'>novellarum</span> <span class='ocrx_word' id='word_1_231' title='bbox 1213 3829 1408 3884; x_wconf 86' lang='lat' dir='ltr'>collectaneis</span> 
     </span>
     <span class='ocr_line' id='line_1_29' title="bbox 283 3917 1411 3986; baseline -0.002 -11"><span class='ocrx_word' id='word_1_232' title='bbox 283 3936 344 3976; x_wconf 90' lang='lat' dir='ltr'>non</span> <span class='ocrx_word' id='word_1_233' title='bbox 359 3919 607 3986; x_wconf 79' lang='lat' dir='ltr'>inveniebantur3</span> <span class='ocrx_word' id='word_1_234' title='bbox 621 3918 756 3986; x_wconf 86' lang='lat' dir='ltr'>quinque</span> <span class='ocrx_word' id='word_1_235' title='bbox 766 3922 797 3971; x_wconf 89' lang='lat' dir='ltr'>et</span> <span class='ocrx_word' id='word_1_236' title='bbox 809 3917 1030 3986; x_wconf 83' lang='lat' dir='ltr'>quinquaginta</span> <span class='ocrx_word' id='word_1_237' title='bbox 1040 3918 1119 3971; x_wconf 87' lang='lat' dir='ltr'>inter</span> <span class='ocrx_word' id='word_1_238' title='bbox 1128 3918 1247 3972; x_wconf 83' lang='lat' dir='ltr'>fabulas</span> <span class='ocrx_word' id='word_1_239' title='bbox 1258 3932 1276 3971; x_wconf 89' lang='lat' dir='ltr'>a</span> <span class='ocrx_word' id='word_1_240' title='bbox 1288 3919 1411 3973; x_wconf 81' lang='lat' dir='ltr'>Nicotao</span> 
     </span>
     <span class='ocr_line' id='line_1_30' title="bbox 285 4005 1409 4077; baseline -0.005 -11"><span class='ocrx_word' id='word_1_241' title='bbox 285 4010 484 4077; x_wconf 83' lang='lat' dir='ltr'>transcriptas</span> <span class='ocrx_word' id='word_1_242' title='bbox 499 4022 516 4061; x_wconf 94' lang='lat' dir='ltr'>e</span> <span class='ocrx_word' id='word_1_243' title='bbox 536 4006 662 4060; x_wconf 77' lang='lat' dir='ltr'>Centum</span> <span class='ocrx_word' id='word_1_244' title='bbox 677 4005 809 4059; x_wconf 82' lang='lat' dir='ltr'>Novetlts</span> <span class='ocrx_word' id='word_1_245' title='bbox 822 4010 984 4075; x_wconf 83' lang='lat' dir='ltr'>excerptae</span> <span class='ocrx_word' id='word_1_246' title='bbox 996 4012 1078 4060; x_wconf 89' lang='lat' dir='ltr'>sunt.</span> <span class='ocrx_word' id='word_1_247' title='bbox 1103 4008 1189 4061; x_wconf 92' lang='lat' dir='ltr'>Anno</span> <span class='ocrx_word' id='word_1_248' title='bbox 1204 4011 1305 4061; x_wconf 89' lang='lat' dir='ltr'>eutem</span> <span class='ocrx_word' id='word_1_249' title='bbox 1329 4007 1409 4076; x_wconf 86' lang='grc'>1531,</span> 
     </span>
     <span class='ocr_line' id='line_1_31' title="bbox 285 4095 1412 4169; baseline -0.004 -14"><span class='ocrx_word' id='word_1_250' title='bbox 285 4101 366 4169; x_wconf 80' lang='lat' dir='ltr'>typis</span> <span class='ocrx_word' id='word_1_251' title='bbox 395 4099 555 4152; x_wconf 88' lang='lat' dir='ltr'>mandatus</span> <span class='ocrx_word' id='word_1_252' title='bbox 576 4101 632 4161; x_wconf 88' lang='lat' dir='ltr'>est,</span> <span class='ocrx_word' id='word_1_253' title='bbox 659 4095 807 4161; x_wconf 81' lang='lat' dir='ltr'>Lugduni.</span> <span class='ocrx_word' id='word_1_254' title='bbox 833 4095 911 4150; x_wconf 90' lang='lat' dir='ltr'>liber</span> <span class='ocrx_word' id='word_1_255' title='bbox 932 4096 979 4149; x_wconf 91' lang='lat' dir='ltr'>cui</span> <span class='ocrx_word' id='word_1_256' title='bbox 1000 4095 1106 4149; x_wconf 89' lang='lat' dir='ltr'>titulus</span> <span class='ocrx_word' id='word_1_257' title='bbox 1137 4096 1164 4148; x_wconf 85' lang='lat' dir='ltr'>te</span> <span class='ocrx_word' id='word_1_258' title='bbox 1178 4095 1342 4165; x_wconf 75' lang='lat' dir='ltr'>Paranpon</span> <span class='ocrx_word' id='word_1_259' title='bbox 1362 4097 1412 4150; x_wconf 84' lang='lat' dir='ltr'>des</span> 
     </span>
     <span class='ocr_line' id='line_1_32' title="bbox 286 4184 1413 4254; baseline -0.003 -11"><span class='ocrx_word' id='word_1_260' title='bbox 286 4188 436 4243; x_wconf 77' lang='lat' dir='ltr'>nouvelles</span> <span class='ocrx_word' id='word_1_261' title='bbox 459 4186 615 4239; x_wconf 72' lang='lat' dir='ltr'>connectes</span> <span class='ocrx_word' id='word_1_262' title='bbox 636 4189 665 4236; x_wconf 86' lang='lat' dir='ltr'>et</span> <span class='ocrx_word' id='word_1_263' title='bbox 686 4184 873 4254; x_wconf 78' lang='lat' dir='ltr'>delectablec,</span> <span class='ocrx_word' id='word_1_264' title='bbox 890 4198 981 4252; x_wconf 84' lang='lat' dir='ltr'>quem</span> <span class='ocrx_word' id='word_1_265' title='bbox 1004 4185 1035 4238; x_wconf 79' lang='lat' dir='ltr'>ll.</span> <span class='ocrx_word' id='word_1_266' title='bbox 1052 4185 1174 4239; x_wconf 87' lang='lat' dir='ltr'>Mabilte</span> <span class='ocrx_word' id='word_1_267' title='bbox 1190 4185 1300 4240; x_wconf 88' lang='lat' dir='ltr'>iterum</span> <span class='ocrx_word' id='word_1_268' title='bbox 1322 4186 1413 4240; x_wconf 91' lang='lat' dir='ltr'>eden-</span> 
     </span>
     <span class='ocr_line' id='line_1_33' title="bbox 287 4271 1412 4342; baseline -0.003 -10"><span class='ocrx_word' id='word_1_269' title='bbox 287 4281 359 4332; x_wconf 92' lang='lat' dir='ltr'>dum</span> <span class='ocrx_word' id='word_1_270' title='bbox 377 4276 494 4332; x_wconf 85' lang='lat' dir='ltr'>curavit</span> <span class='ocrx_word' id='word_1_271' title='bbox 511 4288 591 4329; x_wconf 81' lang='lat' dir='ltr'>anno</span> <span class='ocrx_word' id='word_1_272' title='bbox 608 4271 696 4341; x_wconf 86' lang='lat' dir='ltr'>l865;</span> <span class='ocrx_word' id='word_1_273' title='bbox 715 4274 764 4327; x_wconf 91' lang='lat' dir='ltr'>hic</span> <span class='ocrx_word' id='word_1_274' title='bbox 775 4287 895 4342; x_wconf 85' lang='lat' dir='ltr'>quoque</span> <span class='ocrx_word' id='word_1_275' title='bbox 910 4273 1085 4342; x_wconf 88' lang='lat' dir='ltr'>quindecim</span> <span class='ocrx_word' id='word_1_276' title='bbox 1101 4275 1239 4329; x_wconf 86' lang='lat' dir='ltr'>novellae</span> <span class='ocrx_word' id='word_1_277' title='bbox 1252 4275 1291 4329; x_wconf 87' lang='lat' dir='ltr'>ab</span> <span class='ocrx_word' id='word_1_278' title='bbox 1305 4275 1412 4330; x_wconf 91' lang='lat' dir='ltr'>eodem</span> 
     </span>
     <span class='ocr_line' id='line_1_34' title="bbox 289 4363 685 4436; baseline -0.023 -14"><span class='ocrx_word' id='word_1_279' title='bbox 289 4381 381 4436; x_wconf 88' lang='lat' dir='ltr'>opere</span> <span class='ocrx_word' id='word_1_280' title='bbox 395 4365 545 4430; x_wconf 85' lang='lat' dir='ltr'>originem</span> <span class='ocrx_word' id='word_1_281' title='bbox 559 4363 685 4417; x_wconf 90' lang='lat' dir='ltr'>ducunt.</span> 
     </span>
    </p>

    <p class='ocr_par' dir='ltr' id='par_1_6' title="bbox 289 4451 1412 4613">
     <span class='ocr_line' id='line_1_35' title="bbox 324 4451 1412 4524; baseline -0.004 -14"><span class='ocrx_word' id='word_1_282' title='bbox 324 4456 334 4490; x_wconf 85' lang='lat'>³</span> <span class='ocrx_word' id='word_1_283' title='bbox 354 4456 465 4510; x_wconf 84' lang='lat' dir='ltr'>Eadem</span> <span class='ocrx_word' id='word_1_284' title='bbox 481 4453 561 4507; x_wconf 92' lang='lat' dir='ltr'>enim</span> <span class='ocrx_word' id='word_1_285' title='bbox 578 4452 697 4505; x_wconf 91' lang='lat' dir='ltr'>novella</span> <span class='ocrx_word' id='word_1_286' title='bbox 708 4452 738 4505; x_wconf 92' lang='lat' dir='ltr'>in</span> <span class='ocrx_word' id='word_1_287' title='bbox 753 4452 874 4507; x_wconf 87' lang='lat' dir='ltr'>duobus</span> <span class='ocrx_word' id='word_1_288' title='bbox 888 4451 1085 4507; x_wconf 88' lang='lat' dir='ltr'>collectaneis</span> <span class='ocrx_word' id='word_1_289' title='bbox 1099 4452 1251 4506; x_wconf 90' lang='lat' dir='ltr'>invenitur</span> <span class='ocrx_word' id='word_1_290' title='bbox 1269 4453 1412 4524; x_wconf 77' lang='lat' dir='ltr'>(Decem,</span> 
     </span>
     <span class='ocr_line' id='line_1_36' title="bbox 289 4540 804 4613; baseline -0.014 -13"><span class='ocrx_word' id='word_1_291' title='bbox 289 4547 338 4613; x_wconf 87' lang='lat' dir='ltr'>lx,</span> <span class='ocrx_word' id='word_1_292' title='bbox 354 4543 390 4613; x_wconf 77' lang='lat'>8),</span> <span class='ocrx_word' id='word_1_293' title='bbox 407 4543 474 4598; x_wconf 90' lang='lat' dir='ltr'>sine</span> <span class='ocrx_word' id='word_1_294' title='bbox 489 4542 553 4596; x_wconf 88' lang='lat' dir='ltr'>ulta</span> <span class='ocrx_word' id='word_1_295' title='bbox 566 4541 650 4594; x_wconf 87' lang='lat' dir='ltr'>varia</span> <span class='ocrx_word' id='word_1_296' title='bbox 662 4540 804 4594; x_wconf 76' lang='lat' dir='ltr'>lectione,</span> 
     </span>
    </p>

    <p class='ocr_par' dir='ltr' id='par_1_7' title="bbox 327 4628 1416 4697">
     <span class='ocr_line' id='line_1_37' title="bbox 327 4628 1416 4697; baseline 0.004 -16"><span class='ocrx_word' id='word_1_297' title='bbox 327 4633 336 4664; x_wconf 77' lang='lat'><strong>⁴</strong></span> <span class='ocrx_word' id='word_1_298' title='bbox 357 4652 370 4682; x_wconf 87' lang='lat'>«</span> <span class='ocrx_word' id='word_1_299' title='bbox 387 4632 467 4684; x_wconf 85' lang='lat' dir='ltr'>Ettes</span> <span class='ocrx_word' id='word_1_300' title='bbox 482 4635 531 4697; x_wconf 83' lang='lat' dir='ltr'>(se.</span> <span class='ocrx_word' id='word_1_301' title='bbox 553 4628 699 4691; x_wconf 84' lang='lat' dir='ltr'>novettae)</span> <span class='ocrx_word' id='word_1_302' title='bbox 714 4634 768 4683; x_wconf 91' lang='lat' dir='ltr'>ont</span> <span class='ocrx_word' id='word_1_303' title='bbox 783 4630 832 4682; x_wconf 81' lang='lat' dir='ltr'>ete</span> <span class='ocrx_word' id='word_1_304' title='bbox 854 4630 1052 4697; x_wconf 81' lang='lat' dir='ltr'>empruntees</span> <span class='ocrx_word' id='word_1_305' title='bbox 1075 4631 1148 4682; x_wconf 74' lang='lat' dir='ltr'>eun</span> <span class='ocrx_word' id='word_1_306' title='bbox 1175 4631 1351 4685; x_wconf 88' lang='lat' dir='ltr'>traducteur</span> <span class='ocrx_word' id='word_1_307' title='bbox 1372 4631 1416 4685; x_wconf 92' lang='lat' dir='ltr'>in-</span> 
     </span>
    </p>
   </div>
   <div class='ocr_carea' id='block_1_5' title="bbox 1280 4730 1292 4774">
    <p class='ocr_par' dir='ltr' id='par_1_8' title="bbox 1280 4730 1292 4774">
     <span class='ocr_line' id='line_1_38' title="bbox 1280 4730 1292 4774; baseline 0 0"><span class='ocrx_word' id='word_1_308' title='bbox 1280 4730 1292 4774; x_wconf 89' lang='grc'>7</span> 
     </span>
    </p>
   </div>
   <div class='ocr_carea' id='block_1_6' title="bbox 0 0 1839 5616">
    <p class='ocr_par' dir='ltr' id='par_1_9' title="bbox 0 0 1839 5616">
     <span class='ocr_line' id='line_1_39' title="bbox 0 0 1839 5616; baseline 0 0"><span class='ocrx_word' id='word_1_309' title='bbox 0 0 1839 5616; x_wconf 95' lang='lat' dir='ltr'> </span> 
     </span>
    </p>
   </div>
  </div>
 </body>
</html>
