3568 5620
766 553 857 596 carur
878 555 910 594 n.
1362 539 1400 598 37

281 731 284 734 -
325 687 423 761 Ante
441 687 570 761 omnia
588 689 699 761 valde
726 689 775 762 ad
804 709 883 760 rem
907 688 1075 782 pertinet
1097 688 1403 764 animadvertere

275 823 438 916 priorem
468 823 666 916 prologum
703 843 895 917 nusquam
930 823 979 894 ab
1012 822 1130 896 altero
1168 821 1404 917 disjunctum

275 955 1400 1052 inveniri;quapropternunquamoumpriorctranslationc‚

277 1091 415 1165 necin
448 1091 642 1165 codicibus
668 1111 792 1185 neque
829 1091 868 1162 in
904 1090 1149 1181 editionibus,
1180 1091 1402 1185 reperiturt.

277 1227 359 1300 Huc
388 1225 534 1299 accedit
555 1226 657 1319 quod
677 1225 780 1319 prior
798 1225 983 1297 librorum
999 1223 1059 1297 Dc
1090 1221 1251 1298 Casibus
1280 1230 1406 1299 trans-

276 1361 369 1435 latio
406 1359 543 1433 Joanni
586 1359 801 1454 Biturigum
838 1359 926 1432 duci
974 1381 1050 1432 non
1084 1359 1313 1451 dicabatur,
1361 1381 1407 1434 ea

191 1585 196 1594 ,
278 1495 472 1569 obtinente
508 1494 653 1588 prologi
682 1494 807 1566 locum
840 1493 1005 1587 epistula
1029 1515 1146 1586 quam
1180 1493 1229 1566 ad
1257 1494 1405 1588 Maghi-

279 1630 442 1703 nardum
465 1629 511 1700 de
535 1627 831 1702 Cavalcantibus
854 1625 1057 1700 Boccacius
1082 1627 1296 1732 scripserat,
1318 1650 1406 1701 oum

278 1764 512 1857 amicoopns
532 1784 644 1835 suum
672 1761 880 1856 misisset23
908 1761 948 1833 in
973 1762 1092 1834 altera
1121 1767 1266 1851 contra,
1297 1763 1409 1835 omit-

280 1898 374 1971 titur
408 1895 577 1969 Boccacii
606 1895 784 1989 epistula,
815 1896 877 1968 oui
907 1896 1126 1989 suppositus
1154 1901 1212 1968 est
1231 1896 1410 1990 prologus

279 2031 394 2126 prior,
409 2031 447 2103 id
469 2035 527 2103 est
547 2029 743 2102 Laurentii
763 2029 926 2123 epistula
953 2030 1001 2101 ad
1021 2029 1236 2124 Biturigum
1256 2029 1405 2102 ducem.

282 2165 408 2238 Sedet
427 2164 466 2236 in
486 2185 530 2236 eo
558 2164 639 2257 ipso
663 2163 816 2257 prologo
844 2187 862 2233 a
883 2163 1041 2258 disjecta
1062 2143 1232 2235 membra
1255 2187 1271 2232 »
1302 2163 1410 2257 epis-

281 2301 383 2373 tulae
411 2297 581 2371 Boccaoii
611 2274 733 2391 nuper
759 2319 783 2370 a
809 2297 1015 2370 Laurentio
1038 2273 1247 2370 translatae
1270 2319 1410 2391 agnos-

280 2433 415 2506 cimus,
447 2432 543 2505 Nam
582 2453 669 2504 cum
702 2436 834 2504 auctor
871 2431 1121 2525 Maghinardo
1159 2436 1333 2504 narraret
1371 2453 1410 2504 se

280 2566 487 2662 quaesiisse
506 2566 573 2639 diu
588 2566 649 2639 oui
669 2565 831 2659 principi
852 2587 947 2660 opus
972 2588 1085 2638 suum
1107 2566 1318 2657 mandaret,
1341 2587 1411 2638 nec

280 2722 526 2795 quemquam,
549 2704 698 2794 praeter
717 2699 1024 2794 Maghinardum,
1046 2721 1135 2771 vere
1161 2700 1320 2794 dignum
1342 2700 1410 2772 tali

282 2856 438 2908 munere
465 2834 537 2907 sibi
570 2835 698 2906 visum
727 2854 822 2923 esse,
858 2856 965 2928 reges
997 2834 1134 2907 aetatis
1162 2856 1265 2927 suae,
1284 2814 1411 2929 impe—

281 2976 459 3060 ratorem,
484 2992 677 3043 summum
705 2969 926 3064 pontificem
956 2970 1144 3043 recolebat
1166 2976 1203 3043 et
1228 2971 1410 3044 acerrime

282 3105 513 3199 increpabat.
532 3104 762 3177 Laurentius
780 3109 908 3177 autem
925 3109 1002 3177 tres
1016 3105 1234 3199 aequalium
1255 3128 1410 3178 suorum

283 3238 433 3311 ordines
462 3237 672 3311 describit:
698 3261 717 3307 a
739 3235 804 3310 Dc
824 3260 887 3310 cca
916 3235 963 3310 de
989 3235 1130 3334 l’eplise
1150 3242 1340 3334 presente.
1364 3281 1411 3290 -

283 3371 348 3446 Du
367 3395 431 3445 cus
446 3370 492 3445 de
511 3368 685 3444 noblesse
700 3369 920 3444 mondaine.
946 3419 988 3432 --
1018 3370 1083 3445 Du
1103 3358 1166 3446 cos
1185 3371 1251 3446 des
1271 3370 1412 3446 labou-

283 3729 350 3770 cem
369 3712 449 3780 1118,
464 3713 516 3784 qui
531 3713 659 3768 alterum
674 3713 832 3782 prologum
848 3713 938 3768 modo
953 3712 1087 3781 exhibet,
1103 3716 1224 3767 monet:
1246 3731 1259 3762 (ι
1276 3713 1411 3769 seconde

284 3802 438 3858 redaction
453 3816 526 3858 sans
548 3803 693 3857 dedicace
710 3807 775 3871 aet
790 3802 828 3857 de
843 3801 910 3856 cod.
934 3800 1014 3872 ileo,
1033 3802 1063 3855 in
1085 3816 1145 3871 quo
1160 3802 1306 3870 prologus
1329 3804 1411 3872 prior

284 3892 403 3963 legitur,
419 3892 544 3948 scribit:
564 3911 577 3942 «
593 3892 746 3946 Premiere
761 3892 916 3946 redaction
931 3891 1082 3960 precedee
1106 3891 1144 3945 de
1164 3891 1193 3944 la
1212 3890 1357 3947 dedicace
1372 3908 1410 3948 au

284 3984 343 4038 duc
361 3983 400 4038 de
415 3981 516 4051 Berry.
535 3999 549 4031 r
575 3982 613 4035 At
629 3981 787 4036 translatio
812 3981 842 4034 in
859 3981 905 4035 bis
920 3981 1039 4036 duobus
1053 3980 1211 4035 codicibus
1228 3983 1412 4052 transcripta

284 4088 344 4127 una
358 4077 450 4140 atque
464 4072 570 4126 eadem
585 4070 650 4125 est!

287 4225 289 4232 ⁴
319 4163 327 4196 ¹
349 4163 477 4218 Codices
491 4161 681 4216 Parisienses
691 4166 834 4232 quattuor
844 4160 977 4229 priorem
989 4160 1220 4215 translationem
1230 4161 1411 4217 exhibentes

283 4253 343 4320 jam
372 4251 594 4318 indicavimus;
632 4251 709 4304 duas
734 4251 827 4305 etiam
859 4249 997 4318 eiusdem
1028 4249 1234 4305 translationis
1262 4251 1411 4306 editiones

285 4342 442 4399 habemus,
460 4340 539 4394 banc
552 4338 662 4406 Brugis
677 4339 857 4409 impressam
878 4337 982 4407 (1476),
998 4338 1079 4392 illam
1094 4339 1233 4406 Lugduni
1252 4337 1355 4407 (1183).

322 4429 333 4464 ²
351 4429 385 4484 ln
398 4430 483 4484 codd.
502 4429 538 4484 11.
551 4427 604 4484 597
625 4434 655 4484 et
668 4427 758 4483 abaco
772 4429 847 4484 baec
861 4429 992 4496 epistula
1006 4428 1115 4494 gallice
1129 4430 1276 4484 translata
1290 4430 1410 4485 desido-

285 4525 379 4590 ratur,
404 4521 458 4575 sed
482 4533 550 4575 eam
569 4519 741 4573 invenimus
756 4518 786 4572 in
808 4518 914 4572 codice
937 4516 1048 4586 11131,
1065 4517 1094 4571 in
1111 4519 1264 4588 excerptis
1286 4520 1411 4576 Joannis

286 4610 419 4666 Lamelin
435 4609 520 4677 (Maz.
535 4608 617 4679 3880)
632 4614 724 4677 atque
738 4607 767 4662 in
783 4608 904 4663 duabus
920 4607 1114 4662 editionibus.
