3598 5616
769 558 861 600 cucur
882 559 925 600 m.
1373 543 1412 602 93

283 691 465 791 1166111111)
480 687 770 784 praetermissae
786 709 935 782 quoquc
951 692 1060 760 erant
1079 694 1206 783 partes
1226 688 1313 761 illae
1328 673 1415 784 ope-

283 826 336 898 ris
355 825 497 919 quibus
522 823 695 916 singulae
724 822 897 894 novellae
923 827 960 894 et
985 824 1221 895 novellarum
1252 824 1412 896 decades

283 960 617 1048 connectebantur,
650 956 703 1028 ita
722 961 766 1028 ut
789 956 905 1029 simul
933 957 1084 1029 varium
1103 962 1142 1029 et
1164 979 1285 1028 unum
1305 957 1414 1030 lieret

283 1115 401 1188 opus3
418 1091 658 1188 narrationes
675 1090 779 1184 ipsae
795 1113 871 1163 non
892 1096 1083 1164 coartatae
1099 1092 1235 1180 solum,
1254 1092 1319 1163 sed
1333 1114 1413 1163 mu-

282 1228 425 1318 tilatae,
448 1227 639 1299 interdum
660 1225 764 1297 omni
784 1247 898 1297 sensu
918 1225 1157 1298 destitutae¹.

332 1361 528 1434 Laurentii
558 1360 728 1433 laborem
755 1358 871 1452 igitur
900 1359 1102 1453 paullatim
1127 1366 1346 1454 corruptum
1376 1366 1413 1432 ct

283 1494 535 1568 deformatum
551 1516 632 1567 asse
652 1516 698 1566 ex
714 1493 797 1586 ipsa
817 1493 988 1568 codicum
1009 1494 1291 1587 comparatione
1310 1494 1413 1566 oolli-

279 1629 419 1722 gimus.
433 1629 506 1701 Sed
521 1627 782 1722 absolutajam
793 1633 829 1700 et
845 1627 955 1721 quasi
970 1627 1135 1720 perlecta
1148 1629 1411 1702 translationis

282 1762 504 1856 depravatio
514 1768 673 1856 apparet
685 1761 853 1854 inprima
863 1761 949 1832 libri
961 1762 1237 1857 typographica
1246 1762 1411 1835 editione

282 1919 399 1990 quam
419 1897 544 1970 clarus
567 1895 758 1968 Antonius
778 1895 935 1985 Verard,
959 1895 1020 1967 die
1045 1896 1145 1967 XXll
1170 1896 1409 1989 Novembris,

283 2053 384 2104 anno
404 2030 500 2104 1485
521 2031 561 2102 in
591 2053 729 2102 manus
749 2030 949 2101 bominum
969 2030 1084 2102 dedit.
1108 2031 1161 2102 De
1183 2034 1411 2126 typographi

282 2165 385 2238 illius
404 2165 494 2255 lide,
517 2187 603 2238 cum
624 2164 749 2236 aliena
769 2185 882 2257 opera
897 2164 1035 2253 ederet,
1050 2164 1183 2258 paucis
1196 2164 1274 2259 Jam
1295 2166 1411 2239 locuti

283 2320 429 2389 sumus,
452 2299 518 2391 qui
535 2296 730 2370 Laurentii
752 2318 890 2368 nomen
906 2295 1025 2370 ‘tacuit
1043 2302 1111 2369 aut
1132 2298 1265 2372 saltem
1284 2301 1410 2373 occul-

282 2432 380 2504 tavit
395 2432 487 2504 dum
503 2431 620 2504 libros
631 2429 691 2503 De
704 2428 864 2506 Casibus
879 2432 927 2502 ab
942 2432 1073 2503 eodem
1089 2432 1293 2504 translatos
1309 2433 1411 2527 typis

283 2566 488 2659 mandat23
507 2570 598 2638 tunc
613 2566 747 2672 saltem
763 2565 953 2658 integrum
969 2587 1063 2658 opus
1079 2566 1410 2639 transcribendum

283 2704 495 2771 curaverat.
511 2698 631 2788 Nunc,
645 2699 823 2788 fatemur,
838 2699 1076 2770 translatoris
1091 2720 1229 2772 nomen
1246 2699 1285 2771 in
1302 2702 1411 2772 subs-

283 2832 467 2928 criptione
487 2833 575 2906 libri
595 2833 816 2927 legebatur3
839 2833 905 2905 sad
925 2855 1020 2926 opus
1049 2833 1174 2926 ipsum
1202 2834 1255 2907 ita
1278 2841 1411 2908 muta-

282 2971 379 3057 tum,
400 2968 678 3061 perturbatum,
712 2967 846 3040 misere
873 2967 1080 3038 laceratum
1109 2973 1202 3057 erat,
1232 2972 1275 3040 ut
1303 2970 1411 3042 Lau-

283 3101 430 3174 rentius
459 3101 585 3174 aliena
612 3101 725 3194 culpa
750 3098 1016 3194 plectereturti
1041 3099 1117 3173 Hoo
1141 3101 1244 3174 enim
1264 3104 1409 3175 confir-

283 3257 387 3308 mare
406 3257 483 3307 non
509 3233 744 3324 dubitamus
767 3235 1010 3307 severissima
1032 3235 1174 3307 scilicet
1197 3235 1340 3330 judicia
1364 3238 1409 3311 de

282 3367 478 3441 Laurentii
506 3369 755 3441 translatione
783 3368 1031 3463 pronuntiata
1056 3369 1121 3440 vix
1153 3370 1246 3442 satis
1271 3393 1352 3443 asse
1377 3373 1408 3443 si

281 3501 319 3574 in
342 3502 501 3577 Antonii
521 3502 666 3575 Verard
680 3502 884 3574 editionem
905 3508 1189 3576 convertantur.

317 3717 324 3750 ¹
346 3716 420 3770 Vide
445 3716 623 3784 praesertim
650 3715 800 3769 novellam
822 3716 855 3783 X,
873 3714 908 3769 7:
934 3729 1054 3771 carmen
1071 3718 1152 3787 quod
1177 3733 1213 3772 ea
1237 3720 1409 3775 continetur

281 3805 429 3860 omissum
445 3810 491 3860 est
505 3819 572 3859 cum
589 3805 708 3875 reliqua
723 3805 896 3860 narratione
910 3806 990 3874 (plns
1009 3805 1145 3868 dimidio)
1159 3824 1166 3876 ;
1185 3809 1303 3863 novella
1326 3810 1360 3878 ll,
1380 3811 1407 3879 1,

281 3909 341 3950 non
371 3895 451 3949 inter
472 3894 668 3948 brevissimas
687 3895 884 3964 numeranda,
916 3895 946 3949 in
975 3896 1051 3951 XXII
1076 3897 1245 3964 scripturae
1270 3900 1409 3954 versibus

280 3987 417 4041 coartata
429 3989 478 4038 est
493 3984 570 4050 (cod.
587 3982 621 4038 ir.
636 3981 710 4042 240).
1101 3967 1106 3976 ’

316 4073 326 4107 ²
344 4073 418 4128 Vide
434 4087 536 4141 supra,
554 4087 584 4141 p.
598 4071 643 4126 oo.

317 4163 463 4218 ³Titulus
479 4162 624 4216 ridiculus
644 4162 790 4214 Cameren
812 4162 943 4217 Antonio
966 4164 1077 4217 verard
1102 4179 1160 4218 non
1188 4167 1408 4222 adscribendus

281 4257 338 4322 est,
354 4252 408 4307 sed
423 4252 592 4306 editoribus
615 4249 724 4304 Micbel
741 4251 850 4305 Lenoir
867 4249 957 4320 (1521)
980 4257 1010 4305 et
1023 4253 1047 4306 t.
1065 4254 1141 4307 Petit
1164 4254 1265 4325 (1531),
1288 4263 1348 4311 etc.
1361 4300 1383 4311 ,.
1402 4276 1408 4327 ;

279 4342 341 4409 jam
364 4342 394 4395 in
411 4341 568 4395 codicibus
594 4340 787 4394 inferioribus
809 4340 854 4406 (ir.
877 4338 939 4408 239,
963 4340 1025 4404 ato)
1043 4343 1172 4410 tegimus
1194 4347 1358 4414 separatim
1375 4348 1410 4400 de

281 4445 432 4484 cameron.
462 4430 601 4484 Ridicula
626 4429 718 4483 etiam
745 4429 930 4498 subscriptio
957 4430 1082 4485 alterius
1114 4432 1258 4488 editionis
1288 4437 1409 4491 Antonii

282 4521 393 4574 Verard
409 4525 443 4588 (s.
459 4520 505 4582 a.)
520 4533 653 4573 errorem
670 4519 837 4584 divulgavit
849 4519 1008 4574 eximium:
1025 4520 1119 4574 latine
1137 4522 1255 4578 scilicet
1270 4539 1288 4577 a
1303 4525 1408 4580 Bocca-

280 4611 327 4664 cio
341 4609 470 4678 scriptas
484 4607 580 4662 luisse
595 4607 723 4662 Centum
736 4608 893 4662 Novellas!
