3598 5616
706 1333 1021 1433 CONCLUSIO

350 1886 449 1973 Quid
479 1887 708 1961 Laurentius
728 1889 774 1959 da
803 1885 1010 1959 Primolato
1035 1887 1163 1960 lecerit
1187 1893 1231 1958 ut
1259 1886 1427 1959 Bneeaoii

301 2022 443 2094 lamam
459 2021 561 2115 apud
581 2021 708 2093 Gallos
728 2021 863 2093 aetatis
884 2042 975 2092 suae
999 2020 1227 2113 divulgaret,
1251 2021 1428 2093 florenti·
1498 1991 1501 1996 Ι

302 2156 416 2250 nique
450 2155 644 2249 scriptoris
674 2177 788 2248 opera
822 2177 939 2247 quam
972 2154 1151 2227 facillime
1183 2133 1428 2249 intelligenda

301 2295 523 2384 praestaret,
548 2289 745 2382 exquirere
760 2287 885 2361 eonati
907 2311 1052 2361 sumus
1077 2289 1180 2362 Libri
1206 2311 1344 2361 novem
1373 2297 1426 2362 De

303 2420 461 2500 Curibus
499 2421 671 2494 uirorum
703 2418 935 2505 illustrium,
973 2421 1012 2493 in
1041 2422 1218 2516 gallinam
1254 2423 1425 2516 linguam

301 2557 486 2647 conversi,
510 2555 575 2628 vix
591 2555 761 2628 credibili
778 2556 919 2646 lavore,
943 2561 986 2626 ut
1005 2556 1117 2629 hodie
1132 2556 1242 2628 nobis
1262 2556 1425 2647 videtur,

303 2690 448 2785 accepti
468 2696 570 2780 sunt,
601 2712 669 2763 neo
687 2695 833 2762 tantum
847 2773 848 2777 Ἴ
861 2691 909 2761 ab
929 2690 1068 2782 eisqui
1088 2691 1220 2762 eodem
1245 2696 1425 2784 tempore,

301 2825 365 2898 sed
385 2825 501 2896 etiam
517 2829 601 2918 post
620 2829 774 2896 eentum
790 2845 911 2895 annos
926 2830 963 2896 ot
987 2824 1086 2896 ultra
1107 2823 1299 2897 vixerunt.
1320 2823 1427 2910 Quod

300 2964 343 3031 ut
358 2957 478 3048 lieret,
497 2957 726 3030 Laurentius
746 2957 877 3029 multis
897 2957 1010 3029 annis
1025 2957 1179 3030 assiduo
1190 2959 1318 3030 labore
1337 2980 1427 3030 oon·

301 3091 476 3186 sumptis,
506 3090 681 3163 eumdem
698 3095 901 3162 tractatum
932 3091 989 3163 bis
1011 3091 1330 3182 transferendum,
1360 3112 1428 3164 ex-

301 3225 537 3318 planandum
584 3224 878 3318 augendumque
916 3225 1093 3318 suscepit.
1137 3225 1304 3299 Priorem
1338 3247 1428 3297 vero

301 3359 588 3431 translationem
606 3358 655 3430 ab
675 3358 795 3430 altera
823 3363 968 3430 attente
989 3359 1201 3431 disoernere
1223 3363 1261 3431 et
1289 3358 1429 3431 utrius-

300 3514 373 3586 que
392 3492 524 3564 laudas
544 3497 581 3564 et
600 3491 696 3563 vitia
711 3491 852 3563 rectius
866 3491 1035 3585 judicare
1055 3493 1302 3565 tentavimus.

348 3625 524 3699 Ceterum
551 3625 656 3698 aliud
693 3626 862 3698 Booeaoii
892 3648 1001 3719 opuS,
1032 3626 1150 3698 latine
1177 3627 1373 3721 seriptum,
1405 3651 1429 3700 a

300 3760 505 3833 Laurentio
525 3759 565 3832 in
583 3759 763 3852 gallicum
785 3781 997 3833 sermonem
1013 3781 1239 3833 conversum
1254 3783 1336 3834 esse
1351 3784 1427 3834 non

300 3898 462 3966 oonstat.
728 3973 733 3984 ,

349 4027 477 4100 Minus
511 4032 620 4122 grata
648 4028 765 4100 luisse
800 4028 1014 4121 legentibus
1052 4028 1205 4101 videtur
1230 4030 1428 4103 translatio

300 4159 484 4255 praeolari
510 4161 597 4234 libri
617 4161 678 4234 oui
699 4161 834 4234 titulus
860 4169 1110 4253 Decumeron,
1133 4164 1182 4235 ab
1208 4163 1339 4235 eodem
1359 4163 1429 4234 im·
1517 4261 1520 4268 .

301 4295 507 4389 prudenter
530 4300 718 4389 suscepta.
742 4295 824 4381 Qua
853 4295 999 4368 ratione
1032 4297 1251 4387 translator,
1279 4296 1429 4370 italicae

300 4428 453 4523 linguae
468 4451 622 4522 prorsus
637 4430 806 4524 ignaruS,
824 4430 954 4502 omnia
972 4451 1070 4523 quae
1090 4431 1285 4503 obstarent
1300 4453 1429 4504 remo-

301 4583 389 4634 vere
427 4567 555 4635 tamen
597 4563 807 4657 speraverit
849 4563 1099 4657 (periculosae
1136 4565 1293 4657 plenum
1334 4588 1429 4660 opus
