3568 5620
404 543 444 602 26
900 556 991 598 cucur
1015 559 1033 598 r.

403 694 599 783 Amatam,
622 691 911 783 Flurmuctlum,
932 689 1211 767 cortuclaria
1236 691 1361 766 Vitam
1388 690 1529 766 Daulia

402 831 470 900 aut
492 823 822 902 commentarium
850 830 1059 897 taceamus
1093 826 1219 898 Verba
1247 831 1376 899 autem
1401 849 1419 895 «
1448 826 1530 898 661-

403 936 545 1054 gariler
563 965 600 1033 et
615 961 687 1033 666
701 960 798 1031 rimo
817 984 845 1062 'u
874 960 916 1053 (i.
940 981 972 1031 6.
1003 960 1074 1031 666
1102 960 1281 1055 rythmo)v
1298 961 1531 1034 subobscura

405 1100 513 1167 sunt:
537 1117 630 1166 num
652 1094 699 1167 ad
720 1093 889 1166 Bocoacii
911 1098 1086 1187 poemata
1108 1115 1210 1166 nunc
1229 1094 1378 1188 prolata
1401 1093 1530 1166 referri

405 1227 587 1324 possunt?
612 1227 710 1300 Ordo
730 1233 858 1299 tamen
887 1227 1090 1299 verborum
1119 1227 1212 1299 66116
1232 1227 1468 1301 demonstrat
1486 1228 1531 1300 dc

406 1366 566 1438 Centum
579 1359 835 1435 Nouellurum
850 1360 946 1433 libro
967 1366 1117 1436 tautum
1137 1360 1200 1434 hic
1215 1361 1291 1456 agi,
1308 1361 1389 1456 qui,
1401 1359 1531 1455 lingua

405 1496 554 1590 vulgari
575 1495 752 1588 66616166,
773 1495 920 1590 aliquot
933 1500 1062 1568 tamen
1077 1495 1420 1587 carmina(italice:
1444 1493 1530 1568 bul-

408 1628 497 1716 luto)
513 1629 694 1703 continet.

454 1763 672 1836 Notandum
692 1763 808 1836 etiam
829 1785 872 1836 eo
892 1769 1060 1857 tempore
1080 1763 1303 1836 Boccacium
1319 1763 1422 1858 apud
1442 1764 1531 1838 Gal-

404 1896 460 1968 166
474 1897 656 1970 historiae
680 1897 885 1970 cultorem¹
917 1903 955 1969 et
973 1897 1145 1969 omnium
1174 1898 1361 1970 bonarum
1390 1896 1531 1971 artium

404 2027 984 2121 16611161666616661166166661,
1019 2031 1147 2125 potius
1166 2055 1282 2126 quam
1311 2031 1530 2125 scriptorem

405 2165 513 2259 cujus
529 2188 640 2237 musa
663 2187 816 2258 precari,
846 2165 944 2237 mira
966 2171 1061 2255 arto,
1085 2187 1144 2237 res
1174 2187 1295 2238 vanas
1320 2170 1356 2237 et
1381 2164 1532 2259 saepius

405 2300 586 2371 obscenas
605 2300 853 2372 enarraverit.
877 2299 949 2372 Sed
964 2322 1040 2392 quo
1060 2300 1171 2372 niodo
1187 2298 1410 2372 Boccacium
1435 2298 1532 2371 Galli

404 2433 673 2528 judicaverint,
697 2433 851 2507 ineunte
866 2434 992 2506 seculo
1012 2434 1092 2523 XV,
1112 2433 1212 2506 intra
1229 2433 1412 2506 dicemus.

456 2566 640 2639 Ultimum
657 2573 827 2661 superest
852 2567 1115 2640 testimonium
1130 2567 1176 2639 de
1198 2567 1278 2640 vita
1297 2572 1336 2640 et
1363 2566 1533 2640 moribus

406 2700 602 2773 Laurentii
629 2702 675 2773 dc
701 2702 918 2786 Primolato,
943 2701 1215 2796 gravissimum
1241 2701 1430 2795 siquidem
1452 2724 1533 2774 om-

369 2931 373 2940 ,
406 2835 497 2907 nino
521 2836 598 2908 lide
621 2836 780 2929 dignum
802 2835 1006 2925 videbitur,
1038 2857 1084 2907 ox
1106 2835 1280 2928 epistulis
1304 2835 1462 2908 loannis
1486 2835 1531 2908 de

405 2969 646 3043 Monsterolio
656 2971 914 3064 desumptum,
926 2969 972 3042 de
982 2992 1058 3062 quo
1068 2969 1444 3042 nunodisserendum
1458 2974 1528 3042 est.

455 3099 550 3176 Cum
565 3103 729 3177 loannes
749 3104 795 3176 de
810 3103 1052 3176 Monstcrolio
1066 3103 1105 3175 in
1125 3103 1271 3196 porticu
1291 3105 1427 3176 domus
1441 3125 1532 3176 suae

406 3237 535 3309 decem
565 3237 728 3332 Lycurgi
765 3237 877 3331 leges,
910 3261 933 3309 a
959 3236 1099 3309 tustini
1133 3237 1292 3309 historia
1320 3242 1529 3331 excerptae,

407 3369 562 3444 inscribi
586 3371 773 3465 jussisset,
807 3371 847 3442 in
882 3392 970 3443 eum
1001 3370 1174 3443 invectus
1200 3375 1257 3443 est
1287 3369 1529 3460 Laurentiue,

407 3504 613 3600 objurgans
632 3475 733 3600 quod
754 3504 962 3577 sententias
975 3503 1114 3599 pegeni
1130 3503 1356 3597 legislatoris
1370 3503 1534 3598 praeler-

445 3754 453 3790 ¹
569 3758 662 3824 Facta
674 3761 755 3811 retro
767 3769 942 3809 memorans
956 3755 1027 3822 Clyo
1041 3754 1182 3820 suscepit
1197 3753 1350 3808 alendum.

444 3881 455 3914 ‘²
570 3881 646 3946 Quid
661 3881 783 3935 moror‘l
795 3880 848 3934 1116
865 3879 989 3947 quidem
1005 3878 1135 3946 insignis
1151 3878 1324 3947 virtutibus,
1337 3879 1415 3933 66116

569 3970 705 4038 16611166,
722 3969 845 4036 ingenio
861 3969 992 4036 pollenS,
1006 3967 1158 4022 facundus
1174 3971 1205 4022 et
1217 3982 1280 4036 ore,

569 4060 601 4112 ln
614 4059 742 4113 Veneris
757 4058 848 4112 ludos
864 4057 1019 4112 connubia
1032 4070 1122 4111 sacra
1137 4060 1279 4112 secutus,
1292 4102 1296 4112 .
1309 4102 1315 4113 .

409 4166 523 4220 Gallica
535 4165 680 4220 carminis
694 4164 779 4218 latini
791 4163 991 4232 paraphrasis
1003 4162 1135 4230 maiores
1147 4163 1240 4216 etiam
1257 4164 1408 4218 Boccaoio
1426 4163 1533 4218 laudes

408 4255 514 4308 tribuit
526 4255 565 4308 66
578 4252 699 4306 virtutis
712 4255 883 4320 praecepta
899 4255 930 4305 et
945 4251 1088 4318 exempla
1100 4264 1180 4319 6666
1194 4251 1232 4304 66
1246 4265 1283 4306 66
1297 4251 1369 4306 data
1383 4266 1455 4305 esse
1470 4265 1534 4305 cre-

408 4344 560 4398 debantur
572 4358 577 4395 :

567 4431 707 4484 carmus
722 4443 775 4484 666
788 4429 879 4482 livres
896 4433 968 4482 sont
980 4429 1019 4482 de
1031 4433 1118 4482 vertu
1135 4427 1215 4482 droit
1230 4429 1360 4496 paraige,

567 4520 690 4574 Avertu
711 4519 776 4572 1661
792 4518 924 4587 chemin,
936 4518 974 4572 de
988 4518 1048 4572 mal
1064 4518 1129 4572 font
1144 4517 1294 4586 devoyer3

567 4609 618 4662 Tel
632 4611 740 4662 auteur
755 4606 853 4661 adorrc
870 4606 934 4661 doit
949 4607 1033 4661 avoir
1047 4621 1085 4660 ou
1100 4607 1158 4660 6161
1172 4611 1309 4674 pertago.
