3568 5620
409 527 448 586 28
905 545 995 586 csrur
1019 545 1037 584 1.

407 685 484 753 tem
505 701 586 752 esse
618 679 705 772 quis
735 679 914 773 nogarae
938 679 1134 752 Laurentii
1163 680 1282 752 nostri
1307 701 1445 752 nomen
1475 681 1535 753 ille

408 819 589 909 noverat3
615 814 744 902 immo,
764 814 885 886 multa
904 817 942 886 et
966 835 1057 886 vera
1080 815 1126 886 de
1146 815 1240 905 vita,
1257 815 1303 886 de
1327 819 1460 904 morte,
1490 815 1535 887 de

408 948 586 1043 operibus
609 947 850 1021 translatoris
878 948 1066 1042 accepisse
1097 953 1135 1021 et
1158 948 1321 1021 fideliter
1353 949 1535 1021 memoria

408 1080 576 1153 tenuisse
596 1085 764 1174 poterat,
795 1103 888 1152 num
909 1103 999 1154 vero
1018 1104 1140 1168 unum
1159 1082 1350 1156 exstitisse
1369 1083 1536 1156 Lauren-

290 1221 309 1274 ί
389 1215 523 1304 tium,
549 1237 635 1287 curn
669 1219 843 1308 regnaret
872 1215 1028 1287 Carolus
1060 1215 1123 1304 Vl,
1152 1214 1331 1287 credibile
1359 1220 1429 1304 est,
1461 1237 1535 1287 non

411 1349 510 1454 inter
525 1349 711 1422 litteratos
731 1349 832 1421 viros
847 1353 1012 1438 tantum,
1040 1349 1107 1443 qui
1125 1349 1237 1443 ponci
1258 1355 1351 1422 tunc
1371 1354 1480 1421 erant
1497 1354 1535 1421 et

409 1484 578 1577 plerique
594 1483 747 1556 nomine
768 1483 902 1556 saltem
918 1483 1011 1572 noti,
1035 1484 1100 1556 sed
1115 1488 1153 1555 et
1167 1483 1266 1556 inter
1281 1483 1423 1577 rigidos
1442 1482 1536 1576 pris-

408 1639 474 1690 cae
489 1616 579 1690 lidei
599 1622 636 1690 et
655 1617 878 1711 disciplinae
902 1616 1083 1708 fautores,
1107 1617 1207 1690 inter
1232 1617 1438 1691 monachos
1463 1617 1536 1689 sci-

408 1752 508 1841 licet,
531 1751 686 1824 clericos
701 1756 768 1823 aut
798 1751 1005 1845 episcopm,
1029 1752 1128 1824 inter
1155 1773 1219 1823 eos
1242 1727 1406 1845 deniqne
1425 1751 1491 1844 qui
1515 1772 1535 1822 e

407 1887 520 1958 rebus
535 1885 659 1974 novis,
677 1890 720 1958 ut
738 1885 914 1959 ediaboli
935 1885 1098 1974 insidiis,
1117 1885 1408 1979 pavidianimos
1427 1907 1535 1958 aver-

408 2019 568 2093 tebant?
1354 2115 1356 2120 ‚

457 2154 586 2226 Talem
606 2155 709 2226 enim
728 2153 845 2227 inisse
866 2154 1138 2227 crediderimus
1153 2154 1404 2227 Laurentium
1425 2153 1532 2226 illum

410 2309 526 2380 aquo
546 2287 710 2360 loannes
734 2288 932 2360 lacessitus
954 2292 1047 2377 erat,
1071 2288 1265 2361 hominem
1287 2287 1429 2360 scilicet
1449 2309 1534 2381 gra-

409 2442 544 2509 vem,a
564 2421 733 2513 profanis
753 2422 891 2494 studiis
906 2422 1090 2512 alienum,
1102 2422 1163 2494 cui
1185 2422 1278 2495 satis
1297 2421 1536 2519 auctoritatis

408 2555 523 2628 luerit
537 2560 580 2627 nt
600 2555 639 2626 in
654 2555 781 2628 rirnrn
804 2556 992 2651 insignem
1012 2561 1293 2651 potentemque,
1313 2556 1439 2650 qualis
1456 2561 1537 2628 erat

407 2690 572 2763 loannes
596 2691 641 2763 de
662 2691 915 2782 Mousterolio,
935 2691 1065 2762 invehi
1094 2712 1170 2763 non
1202 2690 1448 2781 dubitaverit,
1475 2712 1532 2781 ac,

408 2826 548 2910 nedum
563 2826 721 2898 Joannis
740 2825 1145 2919 epistulae,producta
1164 2825 1435 2914 controversia,
1458 2845 1534 2896 res-

408 2959 601 3051 ponderet,
629 2960 745 3032 sacris
765 2959 903 3031 studiis
924 2964 1026 3032 totus
1047 2981 1086 3031 se
1110 2959 1257 3032 dederit
1279 2958 1534 3053 profanasque

407 3092 685 3184 disputationes
704 3093 984 3187 contempserit.

459 3224 532 3297 Sed
551 3226 729 3319 quisnam
745 3228 845 3299 hanc
863 3226 1029 3321 eliigiem
1046 3225 1249 3298 Laurentio
1265 3232 1394 3299 nostro
1418 3250 1437 3295 ι(
1465 3227 1536 3297 hu-

409 3359 489 3430 mili
506 3360 639 3432 olerico
651 3361 826 3433 Trecensi
854 3385 888 3452 ι),
909 3383 928 3430 ι(
955 3359 1088 3432 libenti
1109 3381 1217 3432 servo
1234 3385 1253 3430 r>
1269 3359 1451 3433 Ludoviei
1467 3360 1536 3432 du-

408 3493 461 3565 cis
482 3494 703 3567 Borbonesii
719 3499 786 3567 aut
805 3494 963 3566 loannis
978 3494 1193 3589 Biturigum
1213 3495 1334 3585 duciS,
1357 3500 1395 3567 et
1412 3495 1535 3567 loan-

408 3627 468 3701 nis
482 3628 749 3723 Chanteprime
769 3633 837 3700 ant
855 3628 986 3702 divitis
1001 3627 1075 3701 riri
1096 3629 1247 3701 Burean
1271 3654 1294 3698 «·
1312 3629 1492 3702 familiari
1514 3653 1532 3698 ι)

408 3761 569 3834 similem
590 3783 672 3835 esse
683 3761 882 3856 judicaret,
896 3763 930 3834 ei
946 3763 1211 3856 scilicetquem
1227 3784 1294 3856 per
1306 3762 1533 3856 lere'viginti

407 3917 528 3968 annos
546 3895 820 3969 transferendis
841 3896 963 3968 solum
984 3896 1153 3989 prolenis
1169 3897 1347 3990 operibns
1362 3897 1532 3970 deditum

407 4053 487 4104 esse
508 4031 688 4120 vidimus,
707 4030 815 4124 cujus
843 4030 1007 4123 denique
1032 4034 1180 4102 tantam
1201 4030 1240 4100 in
1260 4052 1376 4124 regno
1402 4036 1534 4103 aucto-

406 4165 557 4237 ritatem
576 4164 694 4236 luisse
710 4186 846 4257 parum
858 4162 1063 4235 verisimile
1083 4167 1140 4234 est
1156 4168 1197 4235 ut
1212 4163 1309 4236 iram
1325 4165 1530 4258 praepositi

407 4299 614 4372 Insulensis
635 4318 785 4370 movere
805 4318 922 4369 ansus
937 4295 1063 4368 esset?

456 4434 538 4520 Qua
561 4432 599 4503 in
615 4430 851 4525 quaestione,
874 4451 951 4501 non
970 4429 1008 4500 id
1028 4429 1182 4523 quidem
1203 4430 1455 4504 admiratione
1470 4433 1535 4504 di-

407 4589 527 4661 gnum
555 4563 808 4660 judicaverim
846 4564 947 4657 quod
995 4563 1224 4636 Laurentius
1258 4565 1470 4639 inconsulte
1494 4567 1533 4637 in
