3568 5620
374 505 414 567 40
866 522 957 565 olrur
978 523 1011 566 u.

374 660 423 734 ad
455 659 614 734 trivium
642 657 761 749 venit,
797 657 954 753 ignarus
990 657 1090 748 viae,
1114 658 1297 734 deerratl.
1331 659 1499 732 Boccacii

373 794 546 889 periodos
576 791 693 888 igitur
725 791 914 865 serviliter
950 792 1093 882 reddit,¹
1118 793 1262 866 addens
1292 792 1407 866 etiam
1434 799 1501 866 aut

373 931 554 1022 repetens·
575 927 693 999 verba
718 925 921 1020 quaedam,
946 925 1229 1020 perspicuitatis
1251 948 1381 1017 causa,
1404 949 1500 1020 quac

375 1066 507 1135 contra
521 1060 732 1134 orationem
748 1065 786 1133 et
805 1058 935 1133 stilum
960 1065 1157 1133 enervant.
1181 1060 1224 1133 ln
1249 1060 1373 1134 locum
1400 1061 1501 1134 vocis

375 1195 517 1268 latinae
538 1195 759 1289 saepissime
778 1193 959 1288 supponit
978 1215 1110 1267 vocem
1132 1193 1309 1288 gallicam
1333 1217 1432 1290 quae
1456 1217 1502 1268 ex

375 1329 441 1401 illa
455 1328 628 1402 derivata
647 1333 717 1420 est,
735 1328 806 1402 etsi
827 1327 994 1401 insolens
1013 1328 1178 1422 videtur,
1196 1329 1259 1402 vel
1279 1350 1396 1423 prave
1411 1351 1504 1403 sen-

376 1484 462 1536 sum
483 1461 684 1557 exprimit3
707 1461 761 1535 ita
774 1460 898 1557 utqui
920 1461 1084 1555 priorem
1111 1461 1306 1536 Laurentii
1334 1462 1504 1536 transla-

376 1596 518 1671 tionem
557 1595 766 1690 intelligere
815 1595 910 1669 velit
948 1618 1026 1670 non
1077 1596 1317 1670 mediocriter
1362 1597 1504 1670 latinae

375 1729 530 1825 linguae
544 1734 722 1823 expertus
741 1729 791 1803 sit
804 1734 988 1823 oporteat.

426 1863 480 1938 Ne
504 1869 632 1938 tamen
657 1862 871 1937 inlitiemur
888 1865 1154 1938 translatorem
1174 1888 1242 1960 pro
1263 1864 1366 1938 virili
1398 1871 1505 1960 parte

377 1975 626 2073 laboravisse
643 2003 687 2071 ut
723 1997 947 2092 aequalibus
985 1999 1065 2071 suis
1098 1998 1268 2072 Boccaoii
1297 2000 1505 2074 sententias
1542 2053 1545 2056 -

379 2133 516 2207 melius
552 2132 728 2226 aperiret,
778 2132 979 2226 verbisque
1025 2138 1063 2205 et
1106 2132 1340 2228 imaginibus
1384 2134 1507 2230 magis

279 2251 282 2258 ⁴
379 2266 630 2341 recentiorum
650 2266 752 2339 vitae
773 2266 1038 2340 consentaneis
1053 2271 1236 2358 uteretur,
1265 2269 1507 2362 quandoqui-

379 2403 466 2476 dem
486 2401 688 2475 Boccacius
704 2405 837 2474 contra
854 2401 901 2473 de
920 2400 1111 2474 industria
1129 2401 1299 2495 antiquis
1319 2402 1508 2476 coloribus

381 2559 498 2631 quam
527 2536 693 2609 maxime
725 2539 875 2631 poterat
904 2535 1021 2608 libros
1049 2535 1271 2629 conspersit.
1302 2535 1377 2627 Sic,
1401 2537 1507 2611 verbi

380 2650 517 2766 gratia,
553 2667 797 2766 Allata-opes,
831 2667 987 2742 Aeduos
1021 2674 1133 2742 vocat
1163 2693 1182 2740 <‹
1211 2670 1432 2744 Grenoblois
1462 2695 1505 2762 a,

385 2829 401 2876 u
425 2804 582 2878 Otunois
601 2829 633 2895 u,
654 2810 722 2878 aut
741 2802 898 2877 classica
918 2803 1123 2877 mulierum
1141 2801 1241 2895 vela,
1258 2805 1391 2877 eodem
1409 2805 1503 2895 loco,

383 2939 591 3014 secundum
620 2939 799 3034 gallicum
836 2961 951 3011 usum
985 2961 1004 3008 «
1029 2937 1290 3012 couvrechiefs
1318 2963 1337 3010 a
1372 2938 1504 3012 fiante.

384 3074 517 3165 Immo,
545 3073 774 3146 Laurentius
807 3073 886 3166 ipse
919 3072 1209 3146 translationem
1236 3074 1508 3146 commentario

382 3208 549 3303 quodam
569 3207 761 3281 interdum
780 3207 1062 3300 explanandam
1078 3227 1160 3280 esse
1180 3206 1310 3298 sensit,
1333 3229 1510 3300 praeser-

383 3341 454 3415 tim
482 3364 583 3431 cum,
605 3340 794 3414 absurdae
826 3340 1080 3414 transferendi
1109 3341 1249 3414 rationi
1282 3342 1506 3437 obsequens,
1548 3397 1551 3402 n

385 3477 503 3550 verba
534 3475 638 3549 omni
658 3496 773 3550 sensu
792 3476 961 3550 carentia
977 3474 1195 3570 scripserat;
1219 3481 1310 3548 tunc
1335 3477 1508 3551 eamdem

384 3631 466 3683 rem
494 3610 579 3684 aliis
608 3608 805 3683 vocabulis
830 3609 1040 3704 exprimere
1064 3614 1224 3682 conatus
1246 3613 1333 3682 esu.
1364 3610 1437 3684 Sed
1469 3610 1510 3683 in

424 3933 430 3966 ¹
453 3932 546 4000 Huius
575 3933 656 3987 modi
682 3946 801 3987 errores
824 3931 932 3986 crebro
961 3935 1142 3999 occurrunt;
1159 3944 1229 3985 cum
1255 3931 1339 3985 verbi
1354 3931 1454 3999 gratia
1481 3932 1510 3986 in

386 4037 453 4091 cap.
471 4022 482 4075 I
498 4021 566 4076 libri
581 4021 620 4077 ΙΙΙ
635 4021 814 4076 Laurentius
827 4021 959 4088 legeret:
976 4019 1019 4074 Eo
1033 4020 1150 4088 ferente
1171 4035 1239 4073 casu
1262 4018 1399 4074 Fortuna
1411 4057 1412 4062 κ
1424 4025 1510 4076 tran-

386 4111 480 4166 siens.
493 4154 516 4169 ..
535 4111 581 4166 sic
599 4111 708 4179 gallice
722 4111 896 4166 transtulit:
916 4128 928 4161 l
941 4109 1021 4166 celle
1036 4123 1135 4165 meme
1152 4113 1296 4164 aventure
1308 4115 1440 4180 portent,
1455 4111 1512 4166 lor-

387 4206 459 4257 tune
474 4203 613 4270 passant.
625 4245 631 4258 .
643 4217 675 4272 „a

424 4289 483 4346 ²L.
501 4291 523 4360 1,
539 4304 566 4345 c.
582 4287 627 4346 18.
740 4313 741 4319 ¹

423 4387 434 4422 ³
453 4380 484 4434 L.
496 4380 545 4449 ΙΙΙ,
561 4393 588 4434 c.
604 4380 630 4449 l,
645 4380 773 4434 Fortuna
789 4380 834 4434 sic
846 4379 998 4449 loquitur:
1020 4399 1029 4426 ι
1046 4379 1078 4433 In
1095 4379 1231 4433 ultimam
1247 4377 1385 4447 gentium
1400 4383 1513 4434 sortem

387 4463 470 4527 illam
483 4470 535 4535 (sc.
552 4469 773 4538 Paupertatem)
790 4468 984 4523 deduximus.
997 4511 1019 4522 ..
1047 4487 1072 4538 a,
1085 4467 1192 4536 gallice
1203 4473 1307 4523 autem
1322 4481 1340 4522 a
1353 4467 1514 4524 Laurentio

388 4564 433 4618 sic
456 4558 606 4617 sententia
623 4558 821 4629 explicatur:
847 4578 858 4606 «
952 4572 990 4612 au
1017 4557 1173 4613 derrenier
1201 4557 1325 4612 mestier
1347 4557 1403 4614 des
1427 4570 1512 4627 gena,
