3568 5620
887 545 978 590 CAPUT
999 547 1031 588 11.

927 895 932 903 ·
963 878 977 948 Ι

447 1109 580 1182 Libros
594 1109 656 1182 De
674 1107 834 1182 Casibus
847 1109 907 1182 bis
926 1132 950 1182 a
965 1109 1170 1182 Laurentio
1181 1114 1310 1182 nostro
1320 1110 1522 1182 translatos

397 1265 492 1332 esse,
515 1266 617 1318 anno
639 1244 780 1317 scilicet
802 1243 901 1316 MCD
925 1249 1040 1336 atque
1060 1244 1198 1316 iterum
1218 1265 1320 1316 anno
1357 1243 1519 1334 Menix,

397 1379 529 1473 paucis
557 1378 636 1472 jam
666 1379 946 1472 exposuimust.
978 1377 1087 1451 Nunc
1116 1383 1244 1452 autem
1273 1380 1367 1451 haec
1394 1383 1523 1450 nostra

396 1513 634 1586 defendenda
662 1518 719 1585 est
751 1513 954 1602 sententia,
981 1513 1163 1607 quoniam
1197 1513 1330 1586 doctus
1366 1512 1522 1606 quidam

397 1669 554 1740 operum
574 1645 743 1720 Boceacii
765 1651 953 1719 scrutator
971 1647 1125 1754 censuit
1140 1669 1285 1720 annum
1312 1646 1425 1736 MCD,
1447 1668 1523 1718 uno

396 1787 547 1854 tantum
566 1781 693 1854 codice
712 1779 956 1872 indicatum²‚
987 1781 1132 1854 scribae
1152 1781 1352 1876 cujusdam
1381 1781 1524 1874 impru-

396 1916 547 1989 dentiae
588 1915 881 1989 adscribendum
919 1937 1012 1989 esse.
1061 1915 1157 2002 ¹Quia
1201 1916 1360 1989 alteram
1401 1915 1524 2009 operis

397 2035 685 2124 translationem
705 2073 806 2123 anno
821 2050 972 2123 MCDIX
988 2051 1193 2144 perfectam
1216 2073 1297 2124 esse
1317 2051 1523 2123 multorum

398 2185 571 2257 codicum
601 2184 712 2257 firmo
740 2189 777 2257 et
796 2183 971 2257 concordi
1005 2183 1223 2256 testimonio
1247 2190 1408 2275 constat,
1430 2205 1523 2258 num

399 2319 593 2412 exemplar
611 2318 747 2412 prioris
769 2316 1032 2391 translationis
1051 2317 1184 2412 inquo
1202 2319 1301 2391 alius
1319 2341 1445 2391 annus
1467 2317 1524 2390 si-

401 2437 607 2546 gnificetur
637 2474 792 2546 prorsus
825 2452 942 2525 fallax
975 2474 1056 2525 esse
1090 2457 1128 2524 et
1162 2453 1267 2525 omni
1301 2453 1524 2526 auctoritate

400 2586 626 2660 destitutum
653 2579 970 2680 judicabimus³⁶i¹
995 2585 1100 2658 Adeo
1126 2587 1297 2680 captiosa
1322 2609 1526 2682 argumen-

401 2721 544 2794 tatione
570 2719 627 2792 uti
654 2720 846 2809 nolumus,
876 2741 962 2792 cum
990 2719 1093 2792 unici
1121 2719 1224 2792 illius
1251 2721 1390 2793 codicis
1419 2723 1526 2794 subs=

402 2855 536 2948 criptio
564 2874 641 2926 non
672 2853 765 2927 anni
800 2853 922 2926 solum
948 2853 1192 2943 indicatione,
1224 2855 1289 2927 sed
1315 2854 1471 2927 omnino
1503 2877 1526 2928 a

386 2987 536 3062 ceteris
563 2987 785 3077 discordati,
817 3008 904 3058 oum
940 2987 1162 3079 pracsertim
1201 2987 1428 3082 subscriptio
1461 2989 1526 3063 illa

402 3121 531 3216 priori,
548 3126 593 3193 ut
610 3120 688 3214 iam
702 3119 885 3209 diximus,
902 3141 979 3192 non
993 3120 1102 3191 alteri
1122 3121 1363 3194 translationi
1379 3121 1527 3216 adjecta

403 3256 464 3328 sit.
484 3252 719 3340 QuidiDuas
730 3252 815 3324 illas
826 3252 1095 3325 translationes
1110 3254 1241 3326 eodem
1254 3275 1356 3326 anno
1376 3255 1526 3327 MCDIX

402 3411 426 3461 a
455 3386 659 3461 Laurentio
682 3386 871 3458 coniectas
894 3407 975 3479 esse
991 3386 1169 3460 credibile
1184 3386 1288 3459 est⁵i
1314 3387 1392 3460 Hoc
1411 3387 1526 3461 etiam

438 3701 446 3734 ¹
468 3699 542 3754 Vide
556 3711 659 3767 supra,
676 3713 726 3768 pp.
747 3695 811 3751 liet
824 3695 869 3750 tl.

438 3787 449 3821 ²
468 3787 540 3844 Cod.
559 3787 667 3843 Mazar.
683 3784 765 3854 3880,
781 3786 867 3853 cujus
880 3785 1117 3855 subscriptionis
1131 3788 1319 3858 ultimapars
1330 3789 1393 3857 jam
1411 3789 1528 3859 prolata

403 3877 506 3947 est(p.
522 3877 560 3947 4).
1248 3903 1250 3905 ·

439 3966 450 3998 ³
468 3967 502 4021 Α.
521 3966 631 4035 HortiS,
649 3963 749 4032 studi,
765 3980 795 4033 p.
811 3963 874 4034 622,
890 3965 994 4020 adnot.
1010 3964 1040 4020 2.

439 4055 449 4088 ⁴
468 4055 542 4110 Vide
556 4069 659 4124 supra,
676 4069 705 4122 p.
719 4055 747 4118 4,
762 4054 1017 4123 subscriptionem
1032 4055 1147 4110 codicis
1166 4054 1290 4122 Manat,
1306 4059 1337 4110 et
1351 4071 1380 4125 p.
1397 4055 1441 4124 11,
1458 4057 1527 4111 adn.

404 4147 430 4214 t,
447 4144 703 4212 subscriptionem
719 4148 890 4198 ceterorum
905 4144 1053 4198 codicum.

439 4234 502 4289 5In
535 4234 661 4303 prologo
694 4232 820 4287 alterius
850 4233 1058 4288 translationis
1099 4232 1280 4288 laurentius
1317 4233 1383 4302 ipse
1418 4235 1492 4289 dicit
1521 4248 1527 4288 z

405 4344 419 4375 «
440 4324 562 4379 Comme
577 4324 715 4393 denqucs
723 4322 759 4390 ja
771 4320 855 4392 pisca
865 4322 895 4390 ie
911 4323 1044 4378 Laurens
1059 4337 1077 4377 a
1092 4324 1324 4379 l’enhortement
1338 4329 1369 4378 et
1388 4329 1529 4393 requeste

404 4413 442 4468 de
455 4415 582 4468 auicuns
601 4413 651 4476 (sc.
668 4412 792 4466 ioannis
815 4411 1039 4480 Chanteprime)
1064 4427 1155 4467 ensse
1176 4414 1324 4468 translate
1343 4413 1382 4468 de
1400 4413 1475 4467 latin
1490 4427 1529 4467 en

403 4503 546 4571 iraneoys
569 4504 597 4556 le
619 4502 718 4556 moins
740 4501 800 4555 mal
822 4514 881 4568 que
905 4502 935 4568 jc
962 4515 1022 4569 peu
1042 4516 1104 4568 ung
1127 4509 1189 4556 tres
1214 4503 1336 4556 notable
1362 4507 1395 4558 et
1421 4502 1529 4571 exquis

405 4591 478 4645 livre
493 4590 531 4646 de
545 4591 640 4645 iehan
655 4591 800 4645 Boccace.
813 4636 818 4646 .
831 4632 852 4657 .‚
868 4595 926 4644 etc.
950 4608 963 4639 a
980 4590 1053 4644 Vide
1068 4591 1177 4660 Hortis,
1198 4589 1298 4660 Sturii,
1311 4606 1341 4660 p.
1358 4589 1420 4647 740.
