3568 5620
370 536 408 594 22
864 549 955 592 curor
977 550 997 590 1.

370 687 467 760 fallit
481 707 713 780 quemquam
733 685 851 757 verba
868 707 886 754 n
915 683 1075 778 primus·
1092 708 1109 752 n
1131 689 1169 756 et
1199 708 1218 753 «
1244 683 1393 778 primus
1411 685 1495 758 lac-

370 825 432 892 tus
459 845 478 889 n
499 840 522 890 a
542 817 696 891 nomine
717 817 806 913 pagi
827 815 1017 889 Primilati
1033 818 1116 911 (seu
1139 815 1367 912 Primilccti)
1382 817 1495 890 ducta

367 975 449 1026 esse
464 975 487 1025 a
502 951 798 1046 scribaquodam
810 951 876 1044 qui
887 973 1026 1023 nomen
1042 951 1137 1023 illud
1152 973 1228 1023 non
1240 951 1490 1044 cognovisset.

370 1087 444 1159 Sed
463 1085 555 1180 quid
575 1084 647 1158 sibi
663 1085 756 1158 velit
770 1084 930 1157 verbum
950 1083 1112 1176 Arcens,
1129 1086 1231 1178 quod
1259 1083 1495 1178 cognominis

368 1221 492 1294 locum
508 1219 661 1292 videtur
680 1239 878 1312 usurpare,
896 1240 972 1291 non
992 1218 1123 1312 liquet,
1142 1218 1217 1290 nisi
1233 1219 1328 1291 lorte
1343 1238 1492 1291 correc-

370 1354 471 1426 tione
492 1358 659 1442 utamur,
687 1357 724 1426 et
745 1376 764 1421 ‹<
790 1351 933 1425 Arcens
950 1377 969 1422 »
994 1353 1056 1425 vel
1079 1351 1206 1446 potius
1228 1376 1247 1422 n
1270 1351 1447 1424 urcensis
1473 1376 1492 1420 n

369 1488 554 1582 legamus
577 1485 911 1580 nominaprofecto
931 1485 1060 1580 ignota
1070 1490 1107 1558 et
1122 1486 1301 1576 barbara,
1319 1484 1384 1558 sed
1398 1505 1496 1578 quae
1599 1457 1601 1460 ⁵

370 1621 548 1716 agallico
577 1620 731 1692 nomine
750 1617 866 1693 Arois
894 1620 1068 1694 derivata
1095 1643 1176 1694 esse
1204 1620 1410 1715 potuerint.
1433 1619 1497 1691 Ut-

279 1757 282 1764 '
371 1778 520 1850 cunque
544 1777 604 1827 res
624 1776 704 1826 sese
724 1754 873 1844 habuit,
892 1754 989 1826 nihil
1004 1760 1060 1827 est
1075 1776 1212 1828 causae
1237 1777 1304 1827 cur
1323 1753 1496 1847 suspice-

270 1879 277 1892 ’
372 1912 458 1962 mur
481 1890 551 1961 hos
589 1909 723 1962 versus
756 1887 899 1981 injuria
928 1887 1133 1960 Laurentio
1161 1888 1371 1981 adscriptos
1399 1909 1492 1960 esse.

372 2023 470 2110 Quin
504 2023 634 2112 etiam,
666 2022 878 2094 scribarum
907 2021 1186 2095 dubitationem
1210 2043 1258 2094 ex
1290 2043 1403 2110 nova,
1432 2021 1496 2093 sed

372 2178 463 2229 vera
486 2156 761 2249 subscriptione
790 2160 913 2228 ortam
939 2177 1020 2228 esse
1040 2160 1157 2248 patet.
1191 2154 1357 2228 Lectio«
1390 2156 1499 2228 Gam-

372 2314 496 2386 panus
522 2317 540 2360 n
570 2291 649 2362 sola
678 2291 803 2362 locum
833 2289 1040 2383 sumpsisse
1069 2291 1251 2362 obscurae
1279 2290 1384 2362 vocis
1405 2287 1498 2384 pri-

373 2447 458 2500 mus
483 2430 551 2498 aut
572 2423 727 2521 primm
749 2422 877 2520 foetos
898 2445 964 2517 per
986 2422 1292 2496 emendationem
1317 2423 1495 2517 videtur,

373 2560 584 2634 notandum
625 2564 754 2633 tamen
789 2563 846 2631 est
884 2559 1133 2632 Laurentium
1174 2564 1347 2631 nostrum
1385 2559 1497 2652 plane

373 2694 545 2788 agnitum
566 2715 647 2766 esse
663 2693 703 2765 in
722 2693 883 2765 obscura
911 2691 1187 2786 subscriptione
1206 2693 1256 2765 ab
1275 2714 1318 2764 eo
1337 2693 1404 2786 qui
1431 2715 1498 2786 pro

375 2851 394 2896 <‹
423 2825 544 2920 primo
570 2826 669 2898 lacto
697 2851 716 2895 n
748 2825 896 2898 censuit
933 2849 952 2895 n
982 2827 1266 2919 Campanum»
1295 2826 1497 2920 legendum

373 2981 466 3032 esse.

423 3094 529 3180 Quod
550 3093 598 3165 ad
617 3093 728 3165 latini
749 3093 930 3165 carminis
946 3092 1236 3166 translationem
1259 3095 1410 3184 attinet,
1432 3102 1500 3168 aut

373 3227 500 3321 potius
519 3227 786 3320 paraphrasim
807 3225 846 3298 in
866 3227 1015 3298 duobus
1034 3227 1339 3325 etquadraginta
1351 3227 1499 3322 gallicis

366 3361 558 3445 uersibus,
579 3383 655 3433 non
675 3350 881 3433 admodum
901 3360 1079 3432 credibile
1092 3360 1337 3434 videtuream
1352 3364 1402 3435 ab
1417 3362 1499 3456 ipso

374 3496 577 3568 Laurentio
605 3495 853 3590 compositam
882 3517 976 3585 esse,
1006 3494 1184 3589 quamvis
1212 3518 1410 3590 nunquam
1439 3519 1499 3570 res

374 3630 413 3702 in
433 3630 730 3704 controversiam
758 3635 893 3703 vocata
909 3630 958 3738 sit
975 3631 999 3701 ¹.
1017 3630 1113 3702 Nam
1130 3630 1170 3702 in
1184 3631 1379 3704 codicibus
1395 3632 1500 3704 Pari-

375 3766 491 3838 siensi
508 3771 545 3838 et
577 3765 837 3855 Londiniensi,
858 3765 926 3859 qui
955 3765 1024 3837 soli
1044 3771 1131 3859 post
1156 3788 1310 3846 carmen
1335 3767 1498 3840 latinum

373 3899 661 3973 translationem
680 3901 876 3994 praebent,
900 3899 981 3972 sine
1000 3899 1079 3971 ulla
1099 3899 1209 3972 traria
1234 3900 1406 3990 lectione,
1425 3923 1501 3973 no-

374 4056 460 4106 men
481 4034 677 4107 Laurentii
697 4035 805 4106 abest
823 4038 860 4106 et
875 4033 915 4105 in
930 4032 1141 4126 prinoipi02
1163 4038 1200 4106 et
1220 4034 1259 4105 in
1284 4035 1361 4107 line
1382 4035 1501 4129 galli-

282 4229 284 4234 .
373 4191 501 4242 corum
522 4190 717 4258 versuum,
734 4168 826 4239 dum
842 4167 881 4238 in
897 4166 1103 4239 latinorum
1124 4166 1235 4240 titulo
1250 4173 1287 4240 et
1302 4169 1501 4263 subscrip-

411 4510 419 4544 ¹
441 4509 472 4563 P.
487 4508 583 4576 Paris,
597 4507 649 4560 loc.
664 4505 732 4573 cit.,·
748 4507 780 4560 Α.
799 4506 912 4574 Hodie,
927 4521 957 4574 p.
971 4505 1035 4576 622,
1048 4522 1075 4560 n.
1092 4507 1121 4560 3.

411 4599 422 4632 ²
442 4618 455 4648 u
471 4596 677 4664 llexposition
694 4610 731 4650 en
745 4595 879 4661 franceis
895 4596 951 4650 des
965 4610 1034 4650 vers
1048 4596 1161 4650 dessns
1178 4597 1309 4665 escrips.
1327 4614 1339 4647 r
