3598 5616
769 541 860 584 curun
882 543 925 584 ιιι.
1376 523 1415 582 89

288 673 403 767 nique
418 674 512 745 adeo
532 680 733 768 praecepta
752 674 797 746 de
818 673 988 745 moribus
1007 677 1120 745 aucta
1136 679 1226 746 sunt
1244 679 1288 747 ut
1308 673 1415 746 iabu-

288 809 347 880 lae
368 807 489 880 forma
512 812 549 880 et
575 807 805 903 significatio
826 829 981 902 prorsus
1002 814 1306 902 corrumperetur
1317 809 1342 879 Ἰ.
1374 807 1414 879 ld

289 942 329 1013 in
350 941 578 1014 brevissima
606 941 776 1013 omnium
798 935 967 1013 Boccacii
987 942 1251 1014 narrationum
1271 941 1411 1031 evenit,

290 1080 397 1148 —et
424 1075 629 1148 Laurentio
658 1097 743 1148 eam
773 1075 896 1169 ipsam
921 1075 1147 1152 brevitatem
1168 1075 1415 1148 incitamento

290 1210 406 1282 inisse
426 1209 660 1282 arbitramur
679 1253 726 1262 -
747 1210 786 1280 ιιι
806 1232 884 1303 qua
902 1209 1040 1282 mulier
1058 1210 1260 1303 quaedam,
1278 1233 1302 1282 a
1320 1211 1416 1283 Vas-

289 1343 400 1416 oonia
421 1343 597 1434 oriunda,
629 1343 770 1416 talibus
795 1343 923 1416 verbis
950 1343 1133 1437 ignavum
1153 1343 1269 1439 Cypri
1289 1366 1414 1437 regem

287 1477 455 1550 allocuta
482 1482 671 1570 precatur,
709 1482 776 1549 aut
809 1477 936 1571 potius
969 1477 1157 1570 precando
1186 1477 1343 1570 deridet,
1373 1483 1414 1551 ut

289 1610 398 1684 illum
442 1611 564 1705 turpis
607 1611 860 1705 negligentiae
897 1610 1182 1705 injustitiaeque
1224 1611 1417 1705 poeniteat

291 1744 333 1834 (l,
361 1745 413 1839 9).
437 1745 620 1841 Cyprium
648 1745 771 1817 civem
791 1745 854 1817 hic
874 1744 988 1816 linxit
1009 1745 1215 1817 translator
1239 1745 1285 1817 de
1305 1745 1416 1818 istius

289 1879 388 1973 regis
409 1879 534 1952 indole
555 1879 763 1974 optimique
785 1879 883 1972 regis
903 1878 1041 1951 officiis
1065 1901 1152 1951 cum
1173 1880 1238 1952 illa
1258 1879 1416 1952 muliere

288 2013 474 2086 diffusum
490 2035 703 2086 sermonem
722 2014 915 2103 habuisse,
935 2013 1051 2085 immo
1066 2014 1226 2086 velutin
1241 2013 1415 2086 contione

289 2147 511 2220 disseruisse
523 2145 548 2218 ².
568 2147 731 2242 Longior
744 2153 801 2218 est
820 2147 902 2241 ejus
922 2146 1042 2218 oratio
1057 2170 1173 2240 quam
1193 2152 1236 2219 ut
1255 2147 1317 2220 hic
1336 2152 1416 2220 tota

288 2279 494 2375 referatur,
516 2280 633 2375 digna
651 2285 781 2367 tamen
796 2281 948 2353 videtur
966 2303 1082 2374 quam
1104 2281 1238 2353 saltem
1254 2301 1416 2353 comme·

290 2436 493 2504 moremus,
522 2413 705 2508 quoniam
728 2414 767 2486 in
791 2435 836 2488 ea
855 2415 968 2509 plane
986 2436 1190 2508 agnoscere
1213 2437 1416 2508 possumus

288 2547 538 2621 Laurentium
554 2548 663 2620 illum
677 2548 744 2642 qui
764 2548 924 2642 pridem,
942 2571 1029 2620 cum
1044 2549 1131 2622 duci
1146 2549 1283 2621 loanni
1299 2548 1416 2621 libros

289 2681 350 2754 De
372 2680 533 2761 casibus
552 2683 686 2776 gallice
709 2683 914 2754 translatos
933 2683 1097 2773 offerret,
1126 2683 1165 2754 in
1185 2683 1349 2777 epistula
1367 2685 1416 2756 ad

289 2838 376 2888 eum
397 2815 514 2889 missa
534 2815 696 2889 virtutes
722 2817 806 2889 illas
830 2839 928 2911 quae
949 2816 1114 2889 maxime
1141 2817 1330 2911 principes
1354 2819 1417 2891 de-

290 2953 375 3022 cent
393 2950 585 3040 extollere,
603 2951 700 3023 vitia
719 2957 850 3023 contra
869 2951 1009 3044 quibus
1025 2951 1176 3045 saepius
1193 2951 1416 3024 inficiuntur

290 3083 434 3156 nobiles
454 3086 637 3157 damnare
658 3107 775 3157 ausus
795 3085 913 3157 erat³.

289 3335 492 3389 convenables
515 3349 575 3389 aux
598 3336 718 3390 cordes
742 3335 777 3389 Et
799 3341 893 3406 quant
915 3351 975 3391 aux
1001 3338 1194 3406 arbalastres‚
1212 3338 1257 3392 les
1281 3337 1417 3392 ouvriers

289 3423 387 3478 terout
401 3437 438 3478 eo
454 3425 483 3479 la
497 3425 568 3478 uoix
584 3425 652 3493 plus
665 3425 748 3492 large
763 3431 935 3494 aureuma,
951 3431 982 3481 et
1005 3428 1091 3482 selon
1107 3427 1183 3481 celle
1203 3415 1325 3495 ¹largeur
1348 3441 1417 3482 sera

289 3528 326 3569 en
341 3528 394 3568 vos
409 3514 593 3569 arhalestres
618 3514 647 3569 le
668 3515 729 3569 lust
754 3515 821 3584 plus
836 3529 907 3582 gros
922 3530 961 3571 au
978 3516 1051 3572 baut
1071 3517 1126 3571 des
1140 3517 1274 3571 viretons
1295 3521 1327 3571 et
1344 3517 1416 3572 don-

288 3603 395 3657 daines
413 3603 487 3657 dont
500 3617 554 3657 vos
566 3618 643 3671 gens
659 3609 791 3658 useront.
815 3626 828 3652 »

325 3693 332 3726 ¹
354 3692 481 3761 Saepius
500 3693 582 3747 euim
606 3707 705 3762 pauca
725 3695 827 3762 verba,
849 3694 879 3748 in
906 3696 1112 3763 conclusione,
1134 3697 1266 3751 addebat
1288 3695 1416 3751 Lauren-

289 3781 361 3848 tiuS,
378 3779 463 3850 haec,
480 3783 563 3836 verbi
579 3783 686 3851 gratia,
703 3784 731 3836 in
748 3783 808 3838 fine
822 3785 959 3839 novellae
977 3785 1010 3854 V,
1025 3786 1059 3840 9:
1078 3803 1090 3837 u
1108 3786 1163 3840 Car
1177 3787 1300 3855 povrete
1312 3791 1343 3840 et
1358 3792 1418 3841 tra-

289 3871 347 3924 vail
364 3872 501 3926 donneot
515 3887 533 3925 a
548 3870 690 3926 l’homme
706 3873 763 3927 bon
781 3874 997 3928 euteudement
1011 3880 1043 3929 et
1058 3875 1142 3930 adriz
1164 3893 1189 3942 r,
1207 3879 1259 3929 aut
1275 3876 1336 3945 illa,
1352 3891 1417 3944 gra-

289 3960 380 4014 vioris
396 3961 551 4028 momenti,
569 3975 647 4030 quae
661 3962 796 4016 iuvenies
813 3963 841 4016 io
858 3963 918 4018 line
934 3978 1000 4019 nov.
1018 3965 1052 4028 X,
1068 3963 1100 4018 9:
1124 3982 1136 4017 u
1153 3965 1263 4019 Maintz
1279 3967 1416 4019 hommes

289 4049 461 4104 s’ellorceut
479 4049 552 4105 taire
566 4051 724 4105 cortoisies
739 4057 769 4106 et
783 4052 937 4108 honneurs
952 4054 1136 4109 semblables
1148 4068 1167 4108 a
1181 4055 1273 4109 celles
1299 4055 1336 4108 de
1356 4055 1416 4109 sire

289 4139 396 4194 Thorel
411 4144 442 4194 et
464 4140 504 4193 du
528 4140 665 4210 soutdau,
683 4141 759 4195 mais
782 4143 922 4196 cambion
947 4143 1037 4213 qu'ilz
1060 4144 1143 4198 aient
1157 4157 1244 4198 assez
1263 4143 1301 4198 de
1323 4158 1415 4214 quoy,

289 4229 447 4283 toutestois
462 4229 499 4283 ils
515 4229 578 4283 font
593 4230 746 4285 honneurs
761 4236 792 4285 et
804 4232 954 4300 largesses
968 4233 994 4286 si
1010 4234 1081 4288 mal.
1094 4280 1117 4290 ..
1137 4239 1198 4288 ete.
1210 4274 1233 4286 ..
1260 4251 1272 4285 ι

324 4318 335 4352 ²
355 4319 490 4373 Boccacii
507 4319 650 4387 periodus
669 4321 750 4374 unde
763 4321 943 4376 Laurentius
958 4323 1114 4377 materiam
1126 4323 1258 4391 sumpsit
1271 4323 1417 4378 orationis

289 4407 334 4460 sic
347 4407 472 4476 incipit:
497 4427 511 4459 u
532 4408 620 4464 Detto
635 4409 663 4463 le
682 4409 711 4462 lu
728 4425 783 4478 per
806 4411 915 4464 alcuna
930 4412 986 4466 che
1007 4412 1037 4465 la
1063 4412 1154 4467 fatica
1176 4413 1202 4466 si
1230 4413 1417 4481 perderebbe

289 4496 401 4564 perche
415 4497 476 4564 egli
492 4510 542 4551 era
560 4497 590 4552 di
607 4501 633 4552 sl
649 4499 778 4554 rimassa
792 4500 853 4553 vita
867 4515 884 4554 e
899 4502 939 4554 da
951 4503 979 4555 sl
995 4514 1071 4569 poco
1085 4502 1174 4555 bene.
1187 4545 1211 4556 ..
1238 4519 1250 4553 ι)

323 4584 334 4616 ³
350 4586 432 4640 Haec
453 4587 554 4654 verba,
573 4589 703 4656 exempli
726 4590 834 4656 gratia,
856 4603 933 4659 quae
948 4605 984 4644 ex
1011 4590 1130 4644 novella
1145 4590 1201 4660 1‚c
1223 4591 1417 4646 aLaurentio
